2247 3637
212 264 266 302 11.
294 266 358 313 14]
621 252 856 309 OTHO
913 253 1376 308 HEMERLIN

216 362 490 426 baptizato,
534 360 621 425 qui
669 378 772 408 non
820 361 974 410 debet
1019 362 1218 426 probari
1260 361 1397 424 quod
1445 361 1598 408 fuerit
1642 360 1805 408 bonus
1841 378 1878 407 55

218 428 553 483 Christianus,
579 428 674 475 nisi
700 434 815 492 post
840 434 1075 477 mortem.
1149 428 1223 476 Et
1247 429 1286 476 si
1311 444 1415 475 non
1440 428 1684 476 deberent
1710 427 1806 474 hoc

218 495 341 560 pati,
378 494 546 543 multo
583 495 753 542 minus
793 495 1038 544 deberent
1085 495 1190 561 pati
1231 495 1370 558 quod
1408 495 1516 560 ipse
1553 493 1806 542 intromit-

218 569 354 611 teret
392 579 443 610 se
475 562 527 609 in
561 561 932 626 disputationes
967 561 1401 611 Doctissimorum
1438 562 1696 609 virorum:
1735 560 1808 608 Et

218 629 581 679 scandalizaret
604 628 983 677 honestissimos
1007 629 1152 678 viros.
1215 628 1321 694 Ipsi
1345 628 1555 677 deberet
1572 627 1811 692 suspendi

222 713 342 745 cum
362 696 501 744 libris
519 702 572 744 et
590 696 836 744 scandalis
855 696 971 752 suis,
993 697 1124 745 sicut
1143 696 1232 744 diu
1257 696 1488 744 meruit.’'
1547 693 1811 759 Respondi
1847 710 1886 740 60

221 764 361 827 quod
399 763 709 828 praedicatio
745 763 985 811 Iohannis
1018 763 1334 811 Pfeffercorn
1374 779 1477 810 non
1514 762 1614 810 fuit
1646 761 1812 826 ponti-

221 830 392 886 ficalis,
419 831 506 878 sed
542 830 642 878 fuit
676 830 883 895 laycalis
919 837 972 879 et
1008 831 1224 896 simplex
1260 828 1543 878 instructio.
1618 828 1718 876 Sed
1750 828 1814 876 de

222 897 362 946 libris
386 897 493 945 eius
522 897 855 946 manifestum
891 903 968 946 est
992 898 1132 962 quod
1167 897 1275 962 ipse
1299 896 1529 945 defendit
1561 912 1612 944 se
1639 901 1815 950 contra

224 964 511 1013 Iohannem
536 964 793 1013 Reuchlin
830 965 919 1029 qui
954 965 1277 1029 parvipendit
1312 981 1445 1013 eum.
1514 963 1587 1011 Et
1621 963 1728 1028 ipse
1764 962 1816 1010 in

226 1032 447 1098 Speculo
500 1048 591 1079 suo
650 1032 875 1080 manuali
945 1032 1152 1097 corrigit
1209 1031 1514 1080 iniustitiam
1573 1029 1817 1078 Iohannis
1852 1044 1890 1074 65

226 1099 498 1148 Reuchlin.
573 1099 646 1147 Et
678 1100 817 1163 quod
847 1099 913 1148 sit
938 1099 1102 1147 bonus
1133 1098 1451 1147 Christianus
1476 1097 1818 1163 praesumitur

225 1183 289 1215 ex
328 1167 423 1214 hoc
459 1167 598 1230 quod
646 1165 685 1214 si
728 1183 832 1214 non
879 1167 1127 1230 cogitaret
1165 1183 1364 1232 semper
1404 1181 1610 1214 manere
1648 1164 1816 1212 Chris-

224 1234 410 1290 tianus,
430 1234 536 1298 ipse
562 1250 664 1281 non
689 1240 821 1282 esset
845 1233 916 1282 ita
939 1233 1097 1281 iratus
1123 1250 1272 1298 super
1298 1233 1532 1289 Iudaeos,
1553 1238 1604 1280 et
1629 1232 1818 1280 faceret

226 1302 296 1351 eis
328 1307 476 1349 tanta
507 1301 686 1349 mala.’'
758 1301 912 1348 Dixit
944 1300 1190 1366 plebanus
1222 1309 1251 1328 ‘⁶
1274 1299 1503 1349 Scribere
1539 1316 1627 1348 seu
1664 1299 1818 1346 Com-

226 1385 414 1435 ponere
438 1368 591 1416 libros
627 1374 704 1417 est
741 1385 843 1416 una
877 1384 1066 1432 magna
1100 1384 1192 1424 res,
1219 1374 1273 1416 et
1308 1384 1411 1415 non
1448 1366 1698 1431 competit
1724 1364 1818 1413 nisi
1854 1384 1892 1416 το

227 1436 426 1500 magnis
474 1442 527 1484 et
568 1435 754 1483 Doctis
796 1434 930 1483 Viris
976 1435 1065 1499 qui
1113 1441 1233 1483 sunt
1279 1434 1522 1482 altissime
1567 1431 1819 1498 graduati‚

227 1503 394 1552 multo
436 1502 604 1551 minus
648 1502 865 1550 Iohanni
908 1501 1231 1550 Pfefferkorn
1272 1501 1360 1565 qui
1401 1507 1479 1549 est
1516 1501 1726 1548 Ideota:
1769 1506 1823 1548 et

227 1570 369 1635 Ergo
385 1569 634 1634 Theologi
654 1569 982 1618 Colonienses
999 1585 1265 1633 nunquam
1281 1568 1575 1617 debuissent
1590 1573 1822 1633 praeten-

227 1638 345 1686 dere
381 1637 520 1701 quod
556 1637 747 1685 vellent
782 1635 1076 1684 hominibus
1109 1635 1410 1700 persuadere
1444 1635 1584 1699 quod
1609 1634 1823 1682 Pfeffer-

226 1705 356 1753 korn
382 1704 645 1769 componit
666 1702 803 1752 talia.
877 1703 978 1751 Sed
1003 1703 1043 1751 si
1068 1719 1163 1767 ego
1188 1719 1351 1752 essem
1376 1703 1680 1768 Imperator,
1706 1701 1823 1766 Ego
1858 1716 1896 1749 75

227 1772 413 1820 vellem
450 1771 773 1819 Pfefferkorn
809 1777 862 1818 et
890 1770 1180 1818 Hochstrat
1215 1769 1525 1835 suspendere
1561 1768 1624 1816 ad
1660 1784 1823 1816 unum

226 1838 564 1904 patibulum.’'
637 1838 934 1903 Respondi:
979 1837 1172 1894 “Quid
1212 1838 1336 1886 fecit
1372 1837 1448 1886 M.
1488 1840 1547 1884 ni‘·
1585 1837 1719 1884 Iaco.
1760 1835 1824 1883 de

229 1906 620 1955 Hochstraten?
690 1906 890 1953 Tamen
926 1912 1004 1954 est
1038 1905 1203 1953 bonus
1229 1903 1528 1970 Imperialis,
1554 1903 1692 1967 quod
1728 1919 1825 1967 ego

226 1973 344 2022 volo
379 1974 592 2038 probare
627 1989 716 2038 per
740 1972 1031 2037 Epistolam
1068 1989 1213 2020 suam
1255 1972 1318 2020 ad
1356 1972 1746 2036 Imperatorem,
1772 1970 1824 2018 in

226 2058 330 2106 qua
347 2040 418 2089 sic
442 2039 643 2089 scribit:
682 2049 693 2067 ⁶
711 2040 897 2088 Valeat
917 2046 969 2089 et
988 2040 1040 2087 in
1058 2046 1324 2088 aeternum
1348 2039 1571 2104 gaudeat
1591 2037 1825 2087 Caesaria
1858 2052 1897 2082 80

229 2109 336 2156 Ma.
379 2124 536 2172 quam
577 2108 703 2156 deus
743 2108 970 2173 optimus
1011 2107 1371 2172 maximusque
1408 2123 1529 2155 suae
1564 2104 1824 2153 Ecclesiae

228 2191 524 2224 conservare
543 2174 784 2240 dignetur
801 2191 891 2239 per
914 2174 1055 2224 milia
1077 2181 1312 2240 tempora
1329 2173 1562 2222 felicem.’
1579 2173 1605 2190 ’'
1669 2171 1823 2220 Dixit

227 2242 513 2307 plebanus:
569 2250 597 2269 “
619 2258 715 2307 ego
763 2241 865 2290 vidi
914 2243 969 2290 X
1012 2241 1366 2291 malefactores
1412 2239 1722 2295 mortificari,
1772 2245 1823 2287 et

228 2308 399 2358 nullus
434 2308 534 2357 fuit
568 2309 641 2358 ita
675 2309 859 2374 dignus
891 2310 1071 2358 mortis
1106 2309 1237 2357 sicut
1264 2308 1571 2363 Hochstrat,
1597 2306 1684 2371 qui
1712 2312 1822 2354 tam

228 2377 425 2425 bonum
467 2383 522 2425 et
566 2377 896 2425 innocentem
938 2377 1106 2425 virum
1153 2376 1222 2424 sic
1269 2375 1456 2424 iniuste
1501 2373 1730 2428 tribulat,
1770 2378 1822 2422 et
1857 2385 1896 2415 85

227 2443 393 2492 adhuc
429 2443 562 2508 petit
596 2443 753 2492 etiam
788 2443 1102 2492 adiutorium
1133 2462 1163 2492 a
1187 2444 1335 2508 Rege
1361 2442 1606 2491 Franciae
1633 2439 1721 2504 qui
1745 2446 1823 2488 est

227 2510 462 2576 publicus
497 2511 732 2560 inimicus
765 2510 992 2576 Imperii,
1022 2518 1199 2560 contra
1224 2510 1511 2558 Iohannem
1536 2506 1822 2563 Reuchlin;

228 2579 368 2643 quod
392 2585 469 2627 est
495 2578 687 2627 crimen
710 2578 873 2628 laesae
892 2578 1186 2627 maiestatis.
1248 2577 1323 2626 Et
1339 2594 1488 2642 super
1511 2575 1605 2623 hoc
1628 2575 1823 2623 Romae

227 2645 574 2694 lamentavit.”
645 2645 909 2711 Respondi
933 2646 1073 2710 quod
1099 2644 1387 2694 Hochstrat
1422 2643 1545 2691 facit
1568 2641 1690 2690 talia
1713 2641 1822 2690 zelo

228 2712 365 2769 fidei,
396 2713 441 2761 ei
476 2713 601 2763 fides
640 2713 800 2761 maior
840 2720 917 2762 est
954 2730 1112 2777 quam
1154 2713 1447 2777 imperator,
1483 2716 1536 2758 et
1571 2708 1821 2773 Theologi
1856 2719 1894 2750 90

228 2795 332 2827 non
358 2786 539 2828 curant
563 2780 973 2846 superioritatem
1006 2780 1329 2829 saecularem.
1391 2777 1539 2825 Tunc
1576 2775 1822 2840 plebanus

229 2846 471 2895 abscessit
506 2847 708 2896 dicens:
759 2847 853 2895 “O
892 2846 1318 2896 Innocentissime
1359 2843 1630 2897 Reuchlin‚
1667 2842 1822 2891 debes

226 2920 286 2961 tu
329 2911 398 2961 sic
444 2914 651 2962 tractari
698 2931 727 2961 a
774 2914 1004 2979 pessimis
1045 2920 1098 2962 et
1137 2910 1573 2977 nequitiosissimis
1613 2909 1821 2958 tribula-

274 3041 302 3061 ⁵⁹
328 3044 401 3086 Ipsi
412 3054 424 3076 .·
441 3043 498 3077 for
515 3044 597 3086 ipse.
1106 3041 1134 3061 ⁷⁹
1152 3045 1262 3085 Epist.
1279 3054 1292 3077 .·
1316 3042 1397 3076 Oct.
1417 3043 1453 3084 9,
1472 3041 1572 3076 1510.
1621 3041 1768 3086 Quoted
1784 3043 1822 3077 in

272 3088 300 3108 ⁶⁵
318 3092 411 3132 Spec.
423 3091 521 3124 Mem.
532 3102 545 3124 .·
560 3089 625 3124 the
639 3091 910 3135 Handt-Spieyel
921 3102 991 3125 was
1057 3089 1123 3125 the
1141 3091 1314 3133 Defensio.

225 3135 419 3182 published
438 3137 476 3171 in
494 3136 563 3182 Ap.
584 3136 684 3172 1511.

991 3198 1084 3245 167
