2247 3637
211 254 263 294 11.
286 255 328 304 9]
519 243 982 299 PHILIPPUS
1038 242 1606 301 SGHLAURAFF

210 356 237 374 ‘⁶
257 348 363 395 Vos
389 345 507 394 estis
532 346 688 394 homo
713 346 926 394 stolidus
942 348 966 363 '⁷
991 365 1000 394 ε
1073 345 1146 394 Et
1171 345 1345 394 statim
1373 363 1503 394 unus
1529 346 1719 394 Caseus

210 414 369 462 Stetit
394 413 518 462 mihi
543 413 594 460 in
620 414 785 477 capite
806 432 815 469 ;
852 421 903 461 et
929 413 998 461 sic
1023 414 1202 462 recessi
1229 429 1346 460 cum
1370 412 1580 461 vulnere
1839 436 1897 465 205

214 482 390 544 Usque
414 481 477 527 ad
504 480 854 544 Moguntiam,
924 481 1013 528 ubi
1038 480 1162 528 mihi
1186 479 1401 545 gratiam

212 549 358 596 Fecit
380 547 696 612 praedicator
768 548 1192 596 Bartholomaeus
1217 547 1512 601 decimator,

208 615 356 663 Dans
381 614 506 662 mihi
530 613 810 679 hospitium
880 621 934 663 et
958 615 1126 662 iurans
1152 630 1240 679 per
1264 614 1418 661 deum
1444 613 1636 669 vivum,

210 682 263 729 Si
297 682 498 729 ivissem
530 682 594 728 ad
621 682 894 738 Coronam,
965 682 1104 745 quod
1140 681 1445 745 accepissem
1477 680 1803 728 vexationem

339 748 541 804 bonam,
1840 771 1897 799 210

208 816 347 872 Quia
371 815 441 863 ibi
466 815 833 865 commensales
903 822 1024 864 sunt
1049 815 1196 863 valde
1220 814 1536 879 nequitialeS‚

208 882 454 931 Nicolaus
480 882 790 931 Carbachius
859 883 948 946 qui
973 883 1146 947 legens
1171 898 1262 947 pro
1287 881 1598 930 scholaribus

207 949 442 1014 Exponit
468 950 651 998 Titum
676 949 920 999 Livium:
991 956 1118 998 tunc
1143 949 1303 1014 reperi
1331 949 1687 1003 Huttichium‚

207 1017 316 1073 Qui
342 1034 404 1065 ex
430 1017 644 1081 antiquo
669 1018 787 1065 odio
856 1017 1104 1082 percussit
1128 1033 1210 1066 me
1237 1033 1355 1064 cum
1380 1032 1602 1071 scamno,

208 1084 367 1140 Quod
393 1084 490 1132 feci
516 1101 680 1133 unum
705 1084 985 1133 bombum:
1055 1091 1182 1132 tunc
1206 1083 1349 1131 dedit
1374 1083 1498 1131 mihi
1523 1099 1760 1148 pugnum
1840 1103 1899 1132 215

208 1152 411 1199 Doctor
427 1152 620 1200 Conrat
639 1152 972 1216 XVeydmann
992 1170 1001 1201 :
1072 1151 1153 1200 ich
1174 1150 1351 1216 sprach
1373 1158 1401 1177 ‘⁶
1419 1150 1513 1199 wie
1531 1150 1602 1198 sal
1618 1149 1699 1198 ich
1716 1150 1805 1197 das

342 1225 549 1266 vorstan
567 1222 584 1267 3
602 1220 624 1236 ’'

208 1286 356 1333 Tunc
385 1286 539 1335 trusit
569 1303 651 1334 me
684 1288 758 1335 Io.
787 1286 1112 1351 kofflgsteyn,
1183 1285 1323 1348 quod
1355 1285 1512 1333 cecidi
1543 1285 1606 1332 de
1638 1283 1807 1349 gradi-

342 1353 450 1401 bus.

207 1419 282 1467 Et
308 1421 376 1468 sic
403 1427 519 1485 post
544 1421 640 1469 hoc
664 1421 949 1486 periculum
1020 1419 1215 1468 contuli
1240 1435 1324 1467 me
1350 1419 1411 1466 ad
1439 1418 1698 1474 Rhenum,
1842 1443 1899 1472 220

207 1487 315 1535 Ubi
342 1504 460 1536 cum
486 1488 762 1544 ambulavi,
835 1488 971 1536 visus
997 1494 1074 1536 est
1099 1486 1224 1534 mihi
1249 1485 1301 1533 in
1326 1486 1443 1534 navi

206 1555 410 1603 Doctor
435 1556 660 1604 Thomas
686 1557 917 1612 Murner,
988 1554 1177 1602 ordinis
1202 1554 1460 1601 minorum
1486 1553 1683 1608 Frater,

207 1622 314 1677 Qui
340 1621 471 1670 dixit
498 1631 524 1650 ‘⁶
543 1622 637 1671 nisi
661 1638 920 1688 parcerem
989 1628 1198 1686 propter
1221 1637 1391 1669 meam
1416 1619 1737 1684 dignitatem,

207 1689 397 1737 Statim
424 1707 593 1738 coram
619 1689 855 1738 omnibus
925 1690 1111 1738 iaceres
1136 1688 1217 1736 hic
1242 1689 1292 1736 in
1318 1687 1604 1736 fluctibus.”

205 1756 472 1821 Respondi
520 1766 725 1820 “quare
772 1757 947 1805 hoc?”
1019 1757 1168 1804 Tunc
1210 1755 1342 1803 dixit
1378 1763 1405 1781 ‘⁶
1427 1755 1695 1819 Schweyg,
1737 1753 1807 1800 du
1842 1777 1900 1807 225

339 1823 641 1872 holtzbock:

205 1889 278 1939 Es
302 1890 446 1956 leygt
470 1892 566 1939 mir
592 1891 724 1940 noch
751 1891 821 1939 im
847 1891 938 1947 sin,
1009 1891 1149 1954 quod
1175 1889 1342 1939 fecisti
1371 1890 1573 1937 Doctor
1604 1887 1808 1936 Reuch-

338 1958 455 2006 lin.”

207 2024 291 2073 Sic
317 2026 384 2073 ivi
411 2026 474 2073 ad
502 2026 785 2083 Coloniam,
857 2032 909 2074 et
934 2025 1107 2074 inveni
1132 2026 1319 2073 bonam
1345 2023 1683 2088 companiam,

206 2092 460 2148 Quamvis
486 2093 611 2142 mihi
638 2093 890 2142 Buschius
961 2109 1079 2141 cum
1106 2093 1206 2141 suis
1232 2091 1550 2140 auditoribus
1843 2111 1901 2140 230

206 2159 282 2208 Et
308 2159 563 2209 Iohannes
589 2161 871 2218 Caesarius,
941 2160 1029 2224 qui
1053 2160 1179 2225 legit
1205 2159 1273 2207 ibi
1299 2159 1513 2215 Plinius,

206 2227 459 2276 Facerent
484 2228 780 2277 instantias:
851 2227 971 2292 quia
994 2244 1098 2276 non
1124 2226 1296 2275 curavi
1321 2227 1425 2283 has,

207 2293 309 2341 Sed
336 2295 455 2343 steti
481 2312 599 2343 cum
625 2295 916 2360 Theologis,
988 2301 1042 2343 et
1066 2294 1170 2342 vixi
1195 2295 1247 2342 in
1271 2293 1492 2349 laetitiis,

207 2361 334 2409 Und
357 2362 459 2427 gab
484 2362 563 2410 nit
586 2363 668 2411 ein
693 2362 783 2411 har
851 2363 966 2410 auff
983 2363 1081 2410 den
1106 2362 1285 2426 grafen
1310 2378 1411 2409 von
1436 2376 1618 2408 newen
1644 2359 1737 2414 Ar,

206 2428 460 2485 Quamvis
485 2430 550 2478 sit
574 2430 805 2494 poeticus
825 2447 835 2478 ε
906 2430 1026 2493 quia
1051 2430 1403 2495 Pepercornus
1840 2443 1898 2473 2:35

206 2495 270 2543 In
296 2496 397 2544 suis
421 2496 783 2545 dictaminibus
853 2496 977 2545 dicit
1001 2497 1065 2546 de
1088 2496 1359 2552 nobilibus,

205 2563 363 2619 Quod
388 2564 623 2628 quamvis
648 2572 770 2613 sunt
795 2563 929 2621 clari,
1001 2579 1105 2612 non
1129 2569 1345 2629 possunt
1370 2561 1615 2618 excusari,

205 2630 281 2678 Et
305 2631 496 2679 debent
521 2632 614 2680 sibi
639 2632 834 2680 solvere
904 2648 996 2696 pro
1021 2649 1112 2679 sua
1137 2630 1479 2679 Obscuritate.

205 2697 279 2745 Et
304 2697 373 2746 sic
398 2705 475 2747 est
499 2699 613 2747 finis
633 2716 643 2747 ε
714 2705 922 2764 propter
945 2699 1194 2747 honorem
1220 2695 1597 2745 Universitatis.

288 2816 393 2869 [The
417 2820 603 2869 majority
629 2818 675 2856 of
700 2819 770 2858 the
795 2820 979 2870 personal
1003 2833 1143 2857 names
1167 2822 1208 2856 in
1232 2821 1270 2855 ii.
1293 2823 1317 2862 9
1338 2830 1458 2856 occur
1480 2819 1522 2853 in
1542 2815 1663 2853 other
1686 2815 1805 2866 Epp.,

205 2870 286 2908 and
313 2884 382 2909 are
412 2872 528 2910 there
557 2873 736 2911 referred
770 2879 814 2910 to
842 2877 884 2910 in
917 2874 990 2912 the
1020 2879 1148 2911 notes.
1208 2872 1247 2909 It
1277 2872 1348 2908 has
1381 2876 1455 2908 not
1488 2871 1594 2908 been
1627 2869 1806 2920 thought

203 2937 413 3016 ἓξὲξίῗῗὲἔὶ
434 2931 486 3031 ]to
514 2929 606 2977 give
635 2927 988 2966 cross—references
1017 2927 1079 2965 for
1106 2926 1236 2971 these,
1268 2926 1342 2963 but
1369 2925 1442 2962 the
1474 2924 1603 2961 Index
1633 2937 1723 2974 may
1754 2924 1805 2960 be

439 3074 481 3093 ²⁰⁴
500 3078 651 3111 saxeus:
677 3079 729 3111 i.e.
748 3077 806 3111 his
823 3078 917 3112 head
936 3076 1084 3113 swelled
1103 3082 1141 3111 to
1160 3077 1224 3110 the
1242 3077 1313 3110 size
1331 3076 1372 3109 of
1385 3088 1405 3109 a
1422 3075 1563 3110 cheese.

443 3121 483 3141 ²¹⁸
502 3125 646 3166 Koniys.
659 3135 671 3158 .·
697 3124 896 3159 unknown.

970 3185 1064 3226 153
