2247 3637
192 271 222 309 1.
246 275 313 323 27]
506 259 876 317 IOANNES
931 258 1460 315 STABLERIUS

192 371 461 435 pecuniam
492 387 637 418 suam
667 370 730 417 ad
754 369 892 417 illam
919 368 1114 424 cistam,
1141 384 1278 416 nunc
1304 374 1492 432 putant
1516 367 1652 431 quod
1678 383 1783 414 non

191 445 312 486 sunt
347 438 594 486 absoluti:
643 437 730 485 sed
766 436 890 484 nihil
926 442 1031 484 est:
1079 435 1174 500 ipsi
1211 441 1330 482 sunt
1368 435 1439 482 ita
1476 436 1604 482 bene
1639 434 1783 481 abso-

190 505 286 553 luti
324 512 382 553 ut
418 506 486 553 sic
521 504 701 552 fratres
737 503 1107 568 praedicatores
1148 502 1394 550 haberent
1429 501 1595 549 adhuc
1631 518 1783 567 pecu·
1819 518 1857 547 20

191 573 326 620 niam
363 589 520 620 suam.
593 571 769 619 Etiam
801 570 969 619 sciatis
1002 569 1142 634 quod
1174 569 1259 617 isti
1291 569 1379 633 qui
1405 575 1525 616 sunt
1550 586 1613 616 ex
1639 575 1784 633 parte

192 639 438 687 Doctoris
497 639 770 694 Reuchlin,
831 638 1029 686 vadunt
1086 637 1167 684 hic
1227 642 1279 684 et
1336 636 1534 683 faciunt
1593 635 1784 683 multos

191 722 436 761 rumores,
464 707 583 769 quia
618 706 800 753 dicunt
834 705 973 769 quod
1008 705 1190 752 fratres
1226 702 1598 768 praedicatores
1635 719 1782 767 prop-

192 780 331 822 terea
354 773 634 836 impetrant
657 773 765 821 illas
791 771 1133 836 indulgentias
1157 772 1209 819 in
1235 771 1374 818 curia
1396 786 1621 826 romana,
1646 769 1785 833 quod

194 858 312 888 cum
359 840 444 887 illa
491 840 709 905 pecunia
750 840 932 887 volunt
971 855 1155 886 vexare
1202 838 1371 902 ipsum
1418 837 1684 885 doctorem
1734 842 1785 883 et
1821 849 1860 879 25

192 907 439 955 tribulare
476 924 596 955 eum
635 908 684 955 in
724 923 874 955 causa
910 906 1044 954 fidei.
1126 905 1201 953 Et
1237 905 1377 969 quod
1413 905 1643 952 homines
1680 919 1785 950 non

193 975 384 1023 debent
426 974 495 1022 eis
537 975 657 1022 dare
697 974 903 1038 aliquid,
945 973 997 1021 in
1039 989 1349 1037 quocunque
1391 978 1530 1019 statu
1577 971 1785 1026 fuerint,

194 1042 297 1089 sive
340 1042 445 1089 alto
487 1042 590 1090 sive
633 1042 792 1097 basso,
830 1041 935 1089 sive
976 1040 1317 1088 ecclesiastico
1360 1039 1465 1087 sive
1506 1038 1784 1086 mundano.

194 1109 374 1173 Nuper
409 1108 484 1156 fui
520 1108 829 1173 Moguntiae
865 1108 916 1156 in
949 1114 1067 1155 actu
1099 1107 1186 1155 illo
1211 1123 1366 1170 quem
1401 1106 1787 1154 celebraverunt

193 1176 423 1240 magistri
458 1176 619 1224 nostri
656 1182 834 1224 contra
871 1174 1157 1223 Reuchlin:
1199 1180 1325 1222 tunc
1361 1180 1437 1221 est
1472 1172 1542 1220 ibi
1578 1172 1787 1238 quidam
1823 1188 1861 1218 30

192 1243 510 1308 praedicator
533 1243 585 1291 in
611 1260 812 1290 summo
837 1243 925 1306 qui
954 1249 1032 1290 est
1056 1241 1301 1305 magister
1326 1247 1498 1289 noster
1522 1247 1788 1305 promotus

193 1312 244 1358 in
283 1310 651 1374 Heydelberga
690 1317 742 1358 et
778 1316 992 1358 vocatur
1033 1308 1460 1356 Bartholomaeus
1501 1307 1787 1362 Zehender,

193 1378 351 1426 latine
398 1377 754 1425 Decimarius:
813 1376 897 1424 ille
944 1376 1224 1440 publicavit
1277 1376 1329 1423 in
1381 1376 1601 1423 ambone
1648 1375 1787 1440 quod

194 1446 428 1493 homines
475 1445 723 1492 deberent
771 1443 1040 1491 convenire
1093 1443 1156 1491 ad
1203 1449 1505 1506 sequentem
1552 1442 1688 1490 diem
1737 1448 1790 1490 et

193 1513 363 1576 videre
387 1512 648 1575 quomodo
684 1511 962 1575 Speculum
988 1510 1192 1558 oculare
1217 1510 1633 1559 combureretur:
1670 1509 1789 1573 quia
1823 1524 1862 1554 35

193 1580 299 1644 ipse
357 1580 576 1644 putabat
634 1578 772 1642 quod
831 1594 934 1625 non
992 1583 1123 1625 esset
1181 1576 1434 1641 possibile,
1482 1576 1620 1640 quod
1676 1577 1785 1624 doc.

194 1646 453 1694 Reuchlin
494 1652 667 1710 posset
708 1645 933 1693 invenire
974 1660 1131 1691 unam
1177 1643 1432 1691 fallaciam
1474 1644 1614 1707 quod
1662 1643 1789 1692 illud

193 1731 296 1762 non
321 1714 466 1762 fieret
487 1734 494 1762 :
529 1719 658 1760 tunc
684 1729 817 1761 unus
844 1712 1010 1760 socius
1035 1711 1122 1775 qui
1153 1717 1230 1759 est
1254 1710 1338 1767 ibi,
1365 1717 1418 1758 et
1442 1710 1623 1758 dicunt
1648 1711 1788 1774 quod

192 1787 268 1830 est
304 1787 471 1845 poeta,
509 1779 796 1828 circumivit
838 1786 889 1827 et
931 1778 1202 1827 seminavit
1243 1778 1490 1843 pessimos
1533 1795 1789 1826 sermones

192 1854 372 1896 contra
423 1848 746 1913 praedictum
804 1846 1108 1911 magistrum
1167 1852 1419 1900 nostrum,
1473 1852 1527 1894 et
1584 1846 1790 1910 quando
1826 1864 1864 1893 40

192 1915 419 1963 obviavit
456 1915 516 1970 ei,
553 1921 678 1963 tunc
722 1914 921 1979 aspexit
958 1930 1078 1962 eum
1115 1929 1234 1960 cum
1270 1919 1482 1978 aspectu
1519 1912 1789 1961 draconico

191 1990 244 2031 et
269 1998 537 2031 venenoso,
610 1981 685 2030 Et
717 1982 840 2030 dicit
873 1980 1108 2046 publice:
1147 1987 1175 2007 ‘⁶
1196 1981 1303 2028 Iste
1335 1980 1655 2045 praedicator
1686 1997 1790 2028 non

238 2082 264 2101 ¹⁸
289 2085 422 2117 cistam.
474 2081 701 2128 Frequently
720 2083 809 2116 used
832 2082 874 2116 of
894 2081 959 2116 the
1055 2079 1155 2114 Arde
1210 2079 1410 2125 suppliciis,
1454 2084 1677 2114 nocturnum
1729 2080 1788 2113 ab·

189 2130 409 2176 strong-box
438 2131 517 2164 into
545 2130 662 2164 which
694 2130 758 2164 the
785 2129 959 2174 proceeds
1117 2139 1245 2172 rumpe
1264 2139 1430 2173 soporem

190 2179 232 2212 of
273 2177 337 2212 the
370 2177 455 2242 ‘sale
499 2177 541 2211 of
579 2177 821 2222 indulgences
864 2188 959 2210 were
1059 2173 1135 2255 Iliai
1165 2174 1261 2255 {lucz
1290 2175 1423 2209 tacitos
1464 2175 1605 2219 gemitu
1652 2179 1790 2209 testare

190 2225 353 2328 :l‘mppefi
370 2251 377 2258 ”
565 2311 571 2318 .
838 2309 845 2316 .
1059 2233 1162 2302 Pallg
1181 2233 1261 2302 meg
1278 2269 1427 2311 invidia,
1453 2272 1491 2303 et
1517 2269 1688 2314 quonian]
1718 2268 1789 2302 cla-

224 2311 270 2343 So
289 2321 354 2344 Wle
370 2310 432 2344 das
450 2309 543 2344 Geld
564 2322 612 2343 im
634 2310 775 2344 Kasten
794 2309 929 2352 klnlgt,
1116 2327 1216 2349 mare
1232 2316 1376 2358 vetaris,

224 2357 293 2392 nie
311 2357 415 2392 Seele
433 2358 471 2391 in
489 2357 561 2391 den
581 2356 746 2392 Himmel
767 2356 949 2402 sp1·ingt.”
1055 2362 1175 2406 (Quae
1204 2363 1277 2396 fuit
1308 2375 1380 2396 una
1408 2363 1463 2396 tui
1490 2362 1627 2405 livoris,
1652 2367 1690 2397 et
1716 2375 1788 2396 uua

214 2441 263 2498 ¹²?
289 2446 327 2477 ²⁷72
344 2445 523 2498 &lustu-05
549 2443 630 2478 Οῧῒ·
652 2444 705 2486 13,
727 2444 818 2498 1513
836 2453 843 2484 3
863 2443 920 2477 f01'
937 2455 957 2476 a
1057 2409 1416 2501 Ingppexnganimo)
1443 2456 1545 2490 lento
1571 2467 1788 2490 consumere

188 2491 285 2524 v1v1d
316 2491 552 2536 descmptmn,
584 2490 630 2535 by
661 2491 704 2528 R.
730 2489 890 2532 hlmself‚
921 2491 962 2523 of
1114 2504 1199 2537 tabo

189 2538 263 2571 this
288 2538 398 2572 flasco
423 2538 666 2592 fflfpel‘ienced
692 2538 739 2583 by
763 2538 819 2571 his
844 2549 957 2582 OPPO·
1050 2550 1108 2584 Ad
1134 2551 1324 2596 Capniona
1351 2550 1443 2584 nihil
1471 2549 1608 2584 clamor
1628 2554 1728 2592 tuus,
1748 2554 1786 2584 et

188 2589 298 2619 nents
327 2589 366 2618 at
391 2585 514 2618 Malnz
538 2584 638 2628 (Oct.
669 2586 720 2628 13,
751 2585 868 2626 1513),
896 2596 956 2619 see
1113 2602 1179 2632 tua
1196 2609 1369 2643 praeceps

189 2632 330 2698 1¹¹}11‘0d·
459 2681 466 2687 ³
618 2681 623 2691 1
830 2680 835 2691 1
1054 2643 1222 2679 Pertinet
1238 2644 1303 2678 illa
1321 2643 1427 2687 nihil,
1445 2648 1483 2678 et
1500 2643 1594 2677 nihil
1614 2644 1724 2687 hujus

283 2690 436 2713 summo:
453 2691 507 2714 w.
518 2679 582 2713 the
595 2678 794 2713 Cathedral
807 2678 954 2714 Lhurch
1055 2691 1212 2726 palloris
1230 2691 1386 2727 rabies-⁷⁹

189 2726 455 2806 of'3{t.7B}1l÷1r}iill
472 2731 510 2792 {tt
529 2727 564 2759 Μ
571 2727 663 2760 ainz-
1381 2738 1560 2780 Triumph.
1582 2738 1781 2780 Caymiofnis.

300 2785 332 2807 ‘e
356 2785 397 2807 en
419 2785 480 2807 ‘er'
1064 2805 1092 2823 ³³
1115 2808 1294 2841 Ambone:
1319 2819 1338 2839 a
1367 2805 1483 2839 raised
1511 2806 1784 2851 reading-desk‚

187 2850 286 2883 “Sta
303 2861 403 2884 nunc
421 2850 634 2885 Decimator
650 2852 688 2885 in
707 2850 771 2885 illa
1016 2865 1058 2887 οι·
1093 2853 1224 2899 pulpit,
1259 2853 1354 2887 from
1389 2852 1507 2886 which
1549 2853 1613 2888 the
1655 2853 1786 2898 epistle

222 2896 397 2951 Sublimis
416 2897 600 2941 cathedra,
620 2898 709 2933 diris
734 2897 955 2933 clamoribus
1017 2900 1089 2934 and
1117 2899 1244 2945 gospel
1274 2912 1367 2934 were
1398 2899 1481 2933 read
1516 2899 1587 2933 and
1621 2912 1787 2934 sermons

283 2955 403 2977 aureis
1017 2947 1209 2992 preached.
1269 2946 1389 2980 There
1414 2958 1508 2981 were
1534 2947 1636 2981 often
1662 2960 1682 2981 a
1708 2949 1786 2993 pair

224 2989 334 3023 Nunc
353 2991 454 3023 rudis
471 2991 606 3025 infesta
631 2991 770 3038 populi,
790 2997 900 3037 atque
917 2993 955 3026 in
1019 2994 1061 3027 of
1073 2993 1198 3027 ambos
1212 2993 1291 3037 just
1310 2993 1439 3027 within
1458 2993 1522 3027 the
1539 2993 1652 3029 choir.

283 3036 440 3082 simplici
455 3037 564 3071 turba
1066 3039 1094 3058 ³⁸
1119 3042 1254 3074 socius:
1294 3045 1361 3074 not
1394 3039 1690 3076 Hutten—who
1724 3041 1786 3075 did

226 3083 487 3164 DedLi'SpiliiiSone
508 3085 615 3127 refer,
635 3085 759 3130 vigila,
778 3087 955 3128 cruciare,
1018 3092 1085 3179 iii}
1098 3092 1228 3179 {viiii-m
1242 3087 1334 3121 from
1352 3086 1448 3133 Italy
1459 3087 1556 3122 until
1568 3088 1632 3123 the
1646 3088 1788 3123 follow-

962 3194 1022 3238 71
