<?xml version="1.0" encoding="UTF-8"?>
<!DOCTYPE html PUBLIC "-//W3C//DTD XHTML 1.0 Transitional//EN"
    "http://www.w3.org/TR/xhtml1/DTD/xhtml1-transitional.dtd">
<html xmlns="http://www.w3.org/1999/xhtml" xml:lang="en" lang="en">
 <head>
  <title>
</title>
<meta http-equiv="Content-Type" content="text/html;charset=utf-8" />
  <meta name='ocr-system' content='tesseract 3.04.00' />
  <meta name='ocr-capabilities' content='ocr_page ocr_carea ocr_par ocr_line ocrx_word'/>
</head>
<body>
  <div class='ocr_page' id='page_1' title='image "./epistolaeobscuro00huttuoft_0385.png"; bbox 0 0 2247 3637; ppageno 0'>
   <div class='ocr_carea' id='block_1_1' title="bbox 219 237 1474 301">
    <p class='ocr_par' dir='ltr' id='par_1_1' title="bbox 219 237 1474 301">
     <span class='ocr_line' id='line_1_1' title="bbox 219 237 1474 301; baseline 0.004 -14"><span class='ocrx_word' id='word_1_1' title='bbox 219 250 272 289; x_wconf 90' lang='lat'>11.</span> <span class='ocrx_word' id='word_1_2' title='bbox 297 254 364 301; x_wconf 69' lang='lat'>54]</span> <span class='ocrx_word' id='word_1_3' title='bbox 563 238 1106 295; x_wconf 83' lang='lat' dir='ltr'>WILHELMUS</span> <span class='ocrx_word' id='word_1_4' title='bbox 1162 237 1474 295; x_wconf 87' lang='lat' dir='ltr'>BRICOT</span> 
     </span>
    </p>
   </div>
   <div class='ocr_carea' id='block_1_2' title="bbox 221 343 1886 471">
    <p class='ocr_par' dir='ltr' id='par_1_2' title="bbox 221 343 1886 471">
     <span class='ocr_line' id='line_1_2' title="bbox 221 343 1810 471; baseline -0.003 -75"><span class='ocrx_word' id='word_1_5' title='bbox 221 364 304 471; x_wconf 50' lang='lat' dir='ltr'>ge</span> <span class='ocrx_word' id='word_1_6' title='bbox 352 354 590 411; x_wconf 81' lang='lat' dir='ltr'>rogatum</span> <span class='ocrx_word' id='word_1_7' title='bbox 637 347 775 411; x_wconf 89' lang='lat' dir='ltr'>quod</span> <span class='ocrx_word' id='word_1_8' title='bbox 824 347 941 395; x_wconf 85' lang='lat' dir='ltr'>volo</span> <span class='ocrx_word' id='word_1_9' title='bbox 999 346 1043 393; x_wconf 93' lang='lat' dir='ltr'>ei</span> <span class='ocrx_word' id='word_1_10' title='bbox 1104 361 1409 410; x_wconf 88' lang='lat' dir='ltr'>componere</span> <span class='ocrx_word' id='word_1_11' title='bbox 1456 343 1810 410; x_wconf 78' lang='lat' dir='ltr'>Epitaphium.</span> 
     </span>
     <span class='ocr_line' id='line_1_3' title="bbox 278 415 1886 463; baseline -0.002 -1"><span class='ocrx_word' id='word_1_12' title='bbox 278 415 379 463; x_wconf 91' lang='lat' dir='ltr'>uod</span> <span class='ocrx_word' id='word_1_13' title='bbox 414 415 509 462; x_wconf 90' lang='lat' dir='ltr'>feci</span> <span class='ocrx_word' id='word_1_14' title='bbox 546 415 648 462; x_wconf 88' lang='lat' dir='ltr'>sic:</span> <span class='ocrx_word' id='word_1_15' title='bbox 1850 430 1886 459; x_wconf 83' lang='lat'>10</span> 
     </span>
    </p>
   </div>
   <div class='ocr_carea' id='block_1_3' title="bbox 495 522 1642 736">
    <p class='ocr_par' dir='ltr' id='par_1_3' title="bbox 497 522 1642 627">
     <span class='ocr_line' id='line_1_4' title="bbox 497 522 1642 573; baseline -0.003 -11"><span class='ocrx_word' id='word_1_16' title='bbox 497 526 576 562; x_wconf 89' lang='lat' dir='ltr'>Hic</span> <span class='ocrx_word' id='word_1_17' title='bbox 597 528 702 562; x_wconf 79' lang='lat' dir='ltr'>iacet</span> <span class='ocrx_word' id='word_1_18' title='bbox 722 527 926 562; x_wconf 84' lang='lat' dir='ltr'>extinctus</span> <span class='ocrx_word' id='word_1_19' title='bbox 981 523 1183 573; x_wconf 81' lang='lat' dir='ltr'>quondam</span> <span class='ocrx_word' id='word_1_20' title='bbox 1205 523 1445 560; x_wconf 80' lang='lat' dir='ltr'>venerabilis</span> <span class='ocrx_word' id='word_1_21' title='bbox 1468 522 1642 559; x_wconf 87' lang='lat' dir='ltr'>Finekus</span> 
     </span>
     <span class='ocr_line' id='line_1_5' title="bbox 551 577 1373 627; baseline -0.004 -11"><span class='ocrx_word' id='word_1_22' title='bbox 551 580 598 616; x_wconf 86' lang='lat' dir='ltr'>ln</span> <span class='ocrx_word' id='word_1_23' title='bbox 620 580 745 616; x_wconf 88' lang='lat' dir='ltr'>rubea</span> <span class='ocrx_word' id='word_1_24' title='bbox 764 584 861 627; x_wconf 87' lang='lat' dir='ltr'>toga</span> <span class='ocrx_word' id='word_1_25' title='bbox 880 593 887 616; x_wconf 91' lang='lat'>:</span> <span class='ocrx_word' id='word_1_26' title='bbox 944 591 1015 627; x_wconf 84' lang='lat' dir='ltr'>pro</span> <span class='ocrx_word' id='word_1_27' title='bbox 1037 591 1085 614; x_wconf 89' lang='lat' dir='ltr'>eo</span> <span class='ocrx_word' id='word_1_28' title='bbox 1106 577 1231 614; x_wconf 88' lang='lat' dir='ltr'>deum</span> <span class='ocrx_word' id='word_1_29' title='bbox 1253 590 1348 626; x_wconf 86' lang='lat' dir='ltr'>roga</span> <span class='ocrx_word' id='word_1_30' title='bbox 1366 591 1373 614; x_wconf 78' lang='lat' dir='ltr'>t</span> 
     </span>
    </p>

    <p class='ocr_par' dir='ltr' id='par_1_4' title="bbox 495 630 1568 736">
     <span class='ocr_line' id='line_1_6' title="bbox 495 630 1568 670; baseline -0.004 0"><span class='ocrx_word' id='word_1_31' title='bbox 495 634 615 670; x_wconf 87' lang='lat' dir='ltr'>Cuius</span> <span class='ocrx_word' id='word_1_32' title='bbox 635 633 730 669; x_wconf 89' lang='lat' dir='ltr'>olim</span> <span class='ocrx_word' id='word_1_33' title='bbox 752 637 896 670; x_wconf 84' lang='lat' dir='ltr'>venter</span> <span class='ocrx_word' id='word_1_34' title='bbox 953 631 1055 668; x_wconf 87' lang='lat' dir='ltr'>bibit</span> <span class='ocrx_word' id='word_1_35' title='bbox 1077 631 1235 668; x_wconf 81' lang='lat' dir='ltr'>Cui-sica</span> <span class='ocrx_word' id='word_1_36' title='bbox 1257 633 1349 667; x_wconf 88' lang='lat' dir='ltr'>vina</span> <span class='ocrx_word' id='word_1_37' title='bbox 1369 630 1568 667; x_wconf 79' lang='lat' dir='ltr'>libenter:</span> 
     </span>
     <span class='ocr_line' id='line_1_7' title="bbox 551 685 1339 736; baseline -0.003 -12"><span class='ocrx_word' id='word_1_38' title='bbox 551 687 599 724; x_wconf 89' lang='lat' dir='ltr'>In</span> <span class='ocrx_word' id='word_1_39' title='bbox 621 686 698 723; x_wconf 82' lang='lat' dir='ltr'>fide</span> <span class='ocrx_word' id='word_1_40' title='bbox 719 699 887 736; x_wconf 84' lang='lat' dir='ltr'>syncera</span> <span class='ocrx_word' id='word_1_41' title='bbox 943 691 985 723; x_wconf 88' lang='lat' dir='ltr'>et</span> <span class='ocrx_word' id='word_1_42' title='bbox 1006 685 1213 723; x_wconf 84' lang='lat' dir='ltr'>Charitate</span> <span class='ocrx_word' id='word_1_43' title='bbox 1235 698 1339 722; x_wconf 85' lang='lat' dir='ltr'>vera.</span> 
     </span>
    </p>
   </div>
   <div class='ocr_carea' id='block_1_4' title="bbox 226 780 1920 2927">
    <p class='ocr_par' dir='ltr' id='par_1_5' title="bbox 226 780 1920 2927">
     <span class='ocr_line' id='line_1_8' title="bbox 233 780 1892 847; baseline -0.001 -17"><span class='ocrx_word' id='word_1_44' title='bbox 233 784 411 831; x_wconf 89' lang='lat' dir='ltr'>Unum</span> <span class='ocrx_word' id='word_1_45' title='bbox 440 799 565 847; x_wconf 83' lang='lat' dir='ltr'>rogo</span> <span class='ocrx_word' id='word_1_46' title='bbox 598 783 661 830; x_wconf 93' lang='lat' dir='ltr'>de</span> <span class='ocrx_word' id='word_1_47' title='bbox 696 782 840 830; x_wconf 85' lang='lat' dir='ltr'>vobis</span> <span class='ocrx_word' id='word_1_48' title='bbox 875 782 1013 846; x_wconf 92' lang='lat' dir='ltr'>quod</span> <span class='ocrx_word' id='word_1_49' title='bbox 1050 782 1215 830; x_wconf 84' lang='lat' dir='ltr'>velitis</span> <span class='ocrx_word' id='word_1_50' title='bbox 1251 797 1334 829; x_wconf 91' lang='lat' dir='ltr'>me</span> <span class='ocrx_word' id='word_1_51' title='bbox 1365 787 1539 829; x_wconf 89' lang='lat' dir='ltr'>tamen</span> <span class='ocrx_word' id='word_1_52' title='bbox 1572 780 1820 828; x_wconf 89' lang='lat' dir='ltr'>instruere</span> <span class='ocrx_word' id='word_1_53' title='bbox 1856 800 1892 829; x_wconf 82' lang='lat'>15</span> 
     </span>
     <span class='ocr_line' id='line_1_9' title="bbox 226 847 1822 914; baseline -0.003 -16"><span class='ocrx_word' id='word_1_54' title='bbox 226 851 488 914; x_wconf 91' lang='lat' dir='ltr'>quomodo</span> <span class='ocrx_word' id='word_1_55' title='bbox 523 850 685 898; x_wconf 85' lang='lat' dir='ltr'>debeo</span> <span class='ocrx_word' id='word_1_56' title='bbox 723 849 1004 913; x_wconf 83' lang='lat' dir='ltr'>intelligere</span> <span class='ocrx_word' id='word_1_57' title='bbox 1039 849 1179 913; x_wconf 88' lang='lat' dir='ltr'>quod</span> <span class='ocrx_word' id='word_1_58' title='bbox 1216 847 1583 896; x_wconf 85' lang='lat' dir='ltr'>Parrhisienses</span> <span class='ocrx_word' id='word_1_59' title='bbox 1612 847 1822 910; x_wconf 89' lang='lat' dir='ltr'>quando</span> 
     </span>
     <span class='ocr_line' id='line_1_10' title="bbox 227 913 1823 981; baseline -0.003 -16"><span class='ocrx_word' id='word_1_60' title='bbox 227 917 505 965; x_wconf 68' lang='lat' dir='ltr'>sententita</span> <span class='ocrx_word' id='word_1_61' title='bbox 543 934 692 981; x_wconf 90' lang='lat' dir='ltr'>super</span> <span class='ocrx_word' id='word_1_62' title='bbox 735 916 1013 981; x_wconf 82' lang='lat' dir='ltr'>Speculum</span> <span class='ocrx_word' id='word_1_63' title='bbox 1054 916 1269 972; x_wconf 86' lang='lat' dir='ltr'>oculare,</span> <span class='ocrx_word' id='word_1_64' title='bbox 1306 921 1508 980; x_wconf 91' lang='lat' dir='ltr'>ponunt</span> <span class='ocrx_word' id='word_1_65' title='bbox 1545 914 1642 962; x_wconf 91' lang='lat' dir='ltr'>ista</span> <span class='ocrx_word' id='word_1_66' title='bbox 1670 913 1823 963; x_wconf 82' lang='lat' dir='ltr'>verba</span> 
     </span>
     <span class='ocr_line' id='line_1_11' title="bbox 231 981 1824 1048; baseline -0.002 -17"><span class='ocrx_word' id='word_1_67' title='bbox 231 992 258 1010; x_wconf 90' lang='lat'><strong>“</strong></span> <span class='ocrx_word' id='word_1_68' title='bbox 280 984 406 1032; x_wconf 88' lang='lat' dir='ltr'>citra</span> <span class='ocrx_word' id='word_1_69' title='bbox 440 990 615 1031; x_wconf 89' lang='lat' dir='ltr'>tamen</span> <span class='ocrx_word' id='word_1_70' title='bbox 654 984 843 1031; x_wconf 87' lang='lat' dir='ltr'>autoris</span> <span class='ocrx_word' id='word_1_71' title='bbox 880 983 1034 1048; x_wconf 87' lang='lat' dir='ltr'>ipsius</span> <span class='ocrx_word' id='word_1_72' title='bbox 1066 990 1260 1038; x_wconf 85' lang='lat' dir='ltr'>notam,</span> <span class='ocrx_word' id='word_1_73' title='bbox 1286 999 1442 1047; x_wconf 88' lang='lat' dir='ltr'>quem</span> <span class='ocrx_word' id='word_1_74' title='bbox 1477 982 1543 1030; x_wconf 93' lang='lat' dir='ltr'>ob</span> <span class='ocrx_word' id='word_1_75' title='bbox 1575 981 1824 1028; x_wconf 90' lang='lat' dir='ltr'>humilem</span> 
     </span>
     <span class='ocr_line' id='line_1_12' title="bbox 231 1049 1824 1113; baseline -0.003 -14"><span class='ocrx_word' id='word_1_76' title='bbox 231 1052 338 1099; x_wconf 89' lang='lat' dir='ltr'>eius</span> <span class='ocrx_word' id='word_1_77' title='bbox 377 1050 766 1099; x_wconf 79' lang='lat' dir='ltr'>submissionem</span> <span class='ocrx_word' id='word_1_78' title='bbox 807 1057 858 1099; x_wconf 91' lang='lat' dir='ltr'>et</span> <span class='ocrx_word' id='word_1_79' title='bbox 897 1050 994 1098; x_wconf 85' lang='lat' dir='ltr'>alia</span> <span class='ocrx_word' id='word_1_80' title='bbox 1041 1050 1147 1098; x_wconf 85' lang='lat' dir='ltr'>eins</span> <span class='ocrx_word' id='word_1_81' title='bbox 1195 1049 1467 1098; x_wconf 85' lang='lat' dir='ltr'>laudabilia</span> <span class='ocrx_word' id='word_1_82' title='bbox 1508 1049 1695 1112; x_wconf 87' lang='lat' dir='ltr'>scripta</span> <span class='ocrx_word' id='word_1_83' title='bbox 1733 1063 1824 1113; x_wconf 90' lang='lat' dir='ltr'>pro</span> 
     </span>
     <span class='ocr_line' id='line_1_13' title="bbox 233 1114 1898 1180; baseline -0.001 -14"><span class='ocrx_word' id='word_1_84' title='bbox 233 1118 501 1166; x_wconf 88' lang='lat' dir='ltr'>Catholico</span> <span class='ocrx_word' id='word_1_85' title='bbox 549 1118 867 1166; x_wconf 82' lang='lat' dir='ltr'>habemus:”</span> <span class='ocrx_word' id='word_1_86' title='bbox 910 1116 1048 1173; x_wconf 81' lang='lat' dir='ltr'>Quia</span> <span class='ocrx_word' id='word_1_87' title='bbox 1089 1133 1192 1164; x_wconf 93' lang='lat' dir='ltr'>non</span> <span class='ocrx_word' id='word_1_88' title='bbox 1241 1116 1343 1164; x_wconf 88' lang='lat' dir='ltr'>scio</span> <span class='ocrx_word' id='word_1_89' title='bbox 1384 1116 1507 1180; x_wconf 89' lang='lat' dir='ltr'>quid</span> <span class='ocrx_word' id='word_1_90' title='bbox 1548 1122 1640 1172; x_wconf 90' lang='lat' dir='ltr'>est,</span> <span class='ocrx_word' id='word_1_91' title='bbox 1684 1114 1825 1179; x_wconf 88' lang='lat' dir='ltr'>quod</span> <span class='ocrx_word' id='word_1_92' title='bbox 1860 1135 1898 1164; x_wconf 86' lang='lat'>20</span> 
     </span>
     <span class='ocr_line' id='line_1_14' title="bbox 234 1182 1823 1250; baseline -0.003 -16"><span class='ocrx_word' id='word_1_93' title='bbox 234 1185 510 1250; x_wconf 84' lang='lat' dir='ltr'>Speculum</span> <span class='ocrx_word' id='word_1_94' title='bbox 552 1185 753 1233; x_wconf 89' lang='lat' dir='ltr'>oculare</span> <span class='ocrx_word' id='word_1_95' title='bbox 785 1184 939 1232; x_wconf 89' lang='lat' dir='ltr'>debet</span> <span class='ocrx_word' id='word_1_96' title='bbox 972 1185 1201 1232; x_wconf 88' lang='lat' dir='ltr'>comburi</span> <span class='ocrx_word' id='word_1_97' title='bbox 1226 1190 1474 1247; x_wconf 78' lang='lat' dir='ltr'>tanquam</span> <span class='ocrx_word' id='word_1_98' title='bbox 1502 1183 1627 1231; x_wconf 89' lang='lat' dir='ltr'>liber</span> <span class='ocrx_word' id='word_1_99' title='bbox 1650 1182 1823 1230; x_wconf 89' lang='lat' dir='ltr'>haere-</span> 
     </span>
     <span class='ocr_line' id='line_1_15' title="bbox 231 1249 1826 1315; baseline -0.003 -14"><span class='ocrx_word' id='word_1_100' title='bbox 231 1253 365 1301; x_wconf 85' lang='lat' dir='ltr'>ticus</span> <span class='ocrx_word' id='word_1_101' title='bbox 400 1253 508 1300; x_wconf 91' lang='lat' dir='ltr'>sine</span> <span class='ocrx_word' id='word_1_102' title='bbox 543 1252 752 1300; x_wconf 84' lang='lat' dir='ltr'>infamia</span> <span class='ocrx_word' id='word_1_103' title='bbox 779 1251 1020 1300; x_wconf 79' lang='lat' dir='ltr'>Iohannis</span> <span class='ocrx_word' id='word_1_104' title='bbox 1046 1251 1301 1298; x_wconf 87' lang='lat' dir='ltr'>Reuchlin</span> <span class='ocrx_word' id='word_1_105' title='bbox 1327 1251 1415 1315; x_wconf 92' lang='lat' dir='ltr'>qui</span> <span class='ocrx_word' id='word_1_106' title='bbox 1452 1249 1741 1314; x_wconf 76' lang='lat' dir='ltr'>composuit</span> <span class='ocrx_word' id='word_1_107' title='bbox 1774 1255 1826 1297; x_wconf 89' lang='lat' dir='ltr'>et</span> 
     </span>
     <span class='ocr_line' id='line_1_16' title="bbox 234 1317 1826 1382; baseline -0.003 -14"><span class='ocrx_word' id='word_1_108' title='bbox 234 1321 399 1368; x_wconf 86' lang='lat' dir='ltr'>adhuc</span> <span class='ocrx_word' id='word_1_109' title='bbox 424 1319 655 1368; x_wconf 78' lang='lat' dir='ltr'>defendit</span> <span class='ocrx_word' id='word_1_110' title='bbox 679 1336 812 1367; x_wconf 88' lang='lat' dir='ltr'>eum.</span> <span class='ocrx_word' id='word_1_111' title='bbox 874 1318 1011 1374; x_wconf 81' lang='lat' dir='ltr'>Quia</span> <span class='ocrx_word' id='word_1_112' title='bbox 1036 1319 1238 1366; x_wconf 88' lang='lat' dir='ltr'>videtur</span> <span class='ocrx_word' id='word_1_113' title='bbox 1261 1318 1399 1382; x_wconf 89' lang='lat' dir='ltr'>quod</span> <span class='ocrx_word' id='word_1_114' title='bbox 1424 1317 1603 1381; x_wconf 89' lang='lat' dir='ltr'>aliquis</span> <span class='ocrx_word' id='word_1_115' title='bbox 1627 1317 1826 1371; x_wconf 77' lang='lat' dir='ltr'>artifex,</span> 
     </span>
     <span class='ocr_line' id='line_1_17' title="bbox 234 1385 1828 1451; baseline -0.004 -16"><span class='ocrx_word' id='word_1_116' title='bbox 234 1387 323 1451; x_wconf 90' lang='lat' dir='ltr'>qui</span> <span class='ocrx_word' id='word_1_117' title='bbox 341 1393 417 1435; x_wconf 90' lang='lat' dir='ltr'>est</span> <span class='ocrx_word' id='word_1_118' title='bbox 443 1404 592 1435; x_wconf 85' lang='lat' dir='ltr'>causa</span> <span class='ocrx_word' id='word_1_119' title='bbox 617 1386 854 1441; x_wconf 85' lang='lat' dir='ltr'>efficiens,</span> <span class='ocrx_word' id='word_1_120' title='bbox 882 1385 1042 1449; x_wconf 87' lang='lat' dir='ltr'>magis</span> <span class='ocrx_word' id='word_1_121' title='bbox 1067 1385 1222 1432; x_wconf 92' lang='lat' dir='ltr'>debet</span> <span class='ocrx_word' id='word_1_122' title='bbox 1245 1385 1429 1432; x_wconf 88' lang='lat' dir='ltr'>habere</span> <span class='ocrx_word' id='word_1_123' title='bbox 1449 1385 1651 1448; x_wconf 89' lang='lat' dir='ltr'>culpam</span> <span class='ocrx_word' id='word_1_124' title='bbox 1672 1399 1828 1447; x_wconf 89' lang='lat' dir='ltr'>quam</span> 
     </span>
     <span class='ocr_line' id='line_1_18' title="bbox 234 1450 1902 1518; baseline -0.002 -16"><span class='ocrx_word' id='word_1_125' title='bbox 234 1472 312 1503; x_wconf 90' lang='lat' dir='ltr'>res</span> <span class='ocrx_word' id='word_1_126' title='bbox 337 1454 423 1502; x_wconf 89' lang='lat' dir='ltr'>illa</span> <span class='ocrx_word' id='word_1_127' title='bbox 446 1471 603 1518; x_wconf 89' lang='lat' dir='ltr'>quam</span> <span class='ocrx_word' id='word_1_128' title='bbox 633 1453 769 1501; x_wconf 87' lang='lat' dir='ltr'>facit.</span> <span class='ocrx_word' id='word_1_129' title='bbox 842 1453 1019 1500; x_wconf 88' lang='lat' dir='ltr'>Etiam</span> <span class='ocrx_word' id='word_1_130' title='bbox 1055 1452 1239 1499; x_wconf 88' lang='lat' dir='ltr'>vellem</span> <span class='ocrx_word' id='word_1_131' title='bbox 1264 1452 1402 1515; x_wconf 90' lang='lat' dir='ltr'>quod</span> <span class='ocrx_word' id='word_1_132' title='bbox 1428 1451 1742 1498; x_wconf 71' lang='lat' dir='ltr'>Louonieses</span> <span class='ocrx_word' id='word_1_133' title='bbox 1778 1450 1830 1498; x_wconf 93' lang='lat' dir='ltr'>in</span> <span class='ocrx_word' id='word_1_134' title='bbox 1864 1469 1902 1499; x_wconf 82' lang='lat'>25</span> 
     </span>
     <span class='ocr_line' id='line_1_19' title="bbox 237 1517 1832 1587; baseline -0.003 -18"><span class='ocrx_word' id='word_1_135' title='bbox 237 1522 474 1587; x_wconf 85' lang='lat' dir='ltr'>Epistola</span> <span class='ocrx_word' id='word_1_136' title='bbox 513 1521 576 1568; x_wconf 90' lang='lat' dir='ltr'>ad</span> <span class='ocrx_word' id='word_1_137' title='bbox 618 1537 804 1585; x_wconf 89' lang='lat' dir='ltr'>papam</span> <span class='ocrx_word' id='word_1_138' title='bbox 851 1537 954 1568; x_wconf 91' lang='lat' dir='ltr'>non</span> <span class='ocrx_word' id='word_1_139' title='bbox 1003 1518 1331 1584; x_wconf 84' lang='lat' dir='ltr'>scripsissent,</span> <span class='ocrx_word' id='word_1_140' title='bbox 1375 1518 1513 1581; x_wconf 89' lang='lat' dir='ltr'>quod</span> <span class='ocrx_word' id='word_1_141' title='bbox 1563 1517 1832 1565; x_wconf 89' lang='lat' dir='ltr'>Sententia</span> 
     </span>
     <span class='ocr_line' id='line_1_20' title="bbox 238 1583 1834 1650; baseline -0.004 -13"><span class='ocrx_word' id='word_1_142' title='bbox 238 1588 659 1637; x_wconf 88' lang='lat' dir='ltr'>Parrhisiensium</span> <span class='ocrx_word' id='word_1_143' title='bbox 693 1593 744 1635; x_wconf 88' lang='lat' dir='ltr'>et</span> <span class='ocrx_word' id='word_1_144' title='bbox 771 1587 1149 1635; x_wconf 88' lang='lat' dir='ltr'>Condemnatio</span> <span class='ocrx_word' id='word_1_145' title='bbox 1185 1585 1376 1650; x_wconf 87' lang='lat' dir='ltr'>speculi</span> <span class='ocrx_word' id='word_1_146' title='bbox 1402 1584 1633 1632; x_wconf 74' lang='lat' dir='ltr'>Oculatis</span> <span class='ocrx_word' id='word_1_147' title='bbox 1658 1583 1834 1632; x_wconf 91' lang='lat' dir='ltr'>attulit</span> 
     </span>
     <span class='ocr_line' id='line_1_21' title="bbox 236 1651 1834 1721; baseline -0.004 -17"><span class='ocrx_word' id='word_1_148' title='bbox 236 1657 358 1721; x_wconf 91' lang='lat' dir='ltr'>ipsis</span> <span class='ocrx_word' id='word_1_149' title='bbox 382 1656 608 1704; x_wconf 88' lang='lat' dir='ltr'>multum</span> <span class='ocrx_word' id='word_1_150' title='bbox 637 1654 922 1719; x_wconf 89' lang='lat' dir='ltr'>Spiritualis</span> <span class='ocrx_word' id='word_1_151' title='bbox 958 1653 1302 1708; x_wconf 89' lang='lat' dir='ltr'>iocunditatis,</span> <span class='ocrx_word' id='word_1_152' title='bbox 1328 1652 1448 1716; x_wconf 89' lang='lat' dir='ltr'>quia</span> <span class='ocrx_word' id='word_1_153' title='bbox 1474 1651 1834 1699; x_wconf 87' lang='lat' dir='ltr'>Sanctissimus</span> 
     </span>
     <span class='ocr_line' id='line_1_22' title="bbox 237 1717 1836 1787; baseline -0.004 -15"><span class='ocrx_word' id='word_1_154' title='bbox 237 1723 477 1772; x_wconf 89' lang='lat' dir='ltr'>dominus</span> <span class='ocrx_word' id='word_1_155' title='bbox 501 1723 645 1787; x_wconf 88' lang='lat' dir='ltr'>Papa</span> <span class='ocrx_word' id='word_1_156' title='bbox 670 1721 935 1786; x_wconf 83' lang='lat' dir='ltr'>Cogitabit</span> <span class='ocrx_word' id='word_1_157' title='bbox 956 1741 963 1770; x_wconf 93' lang='lat'>:</span> <span class='ocrx_word' id='word_1_158' title='bbox 1001 1728 1030 1747; x_wconf 79' lang='lat'>‘⁶</span> <span class='ocrx_word' id='word_1_159' title='bbox 1048 1721 1186 1768; x_wconf 89' lang='lat' dir='ltr'>Ecce</span> <span class='ocrx_word' id='word_1_160' title='bbox 1210 1737 1347 1767; x_wconf 91' lang='lat' dir='ltr'>nunc</span> <span class='ocrx_word' id='word_1_161' title='bbox 1372 1719 1521 1767; x_wconf 88' lang='lat' dir='ltr'>video</span> <span class='ocrx_word' id='word_1_162' title='bbox 1546 1719 1685 1782; x_wconf 91' lang='lat' dir='ltr'>quod</span> <span class='ocrx_word' id='word_1_163' title='bbox 1710 1717 1836 1766; x_wconf 90' lang='lat' dir='ltr'>nihil</span> 
     </span>
     <span class='ocr_line' id='line_1_23' title="bbox 241 1786 1907 1853; baseline -0.005 -13"><span class='ocrx_word' id='word_1_164' title='bbox 241 1798 319 1840; x_wconf 92' lang='lat' dir='ltr'>est</span> <span class='ocrx_word' id='word_1_165' title='bbox 360 1791 412 1838; x_wconf 91' lang='lat' dir='ltr'>in</span> <span class='ocrx_word' id='word_1_166' title='bbox 454 1789 729 1853; x_wconf 85' lang='lat' dir='ltr'>Theologis</span> <span class='ocrx_word' id='word_1_167' title='bbox 769 1788 864 1836; x_wconf 89' lang='lat' dir='ltr'>nisi</span> <span class='ocrx_word' id='word_1_168' title='bbox 911 1805 1037 1853; x_wconf 91' lang='lat' dir='ltr'>pura</span> <span class='ocrx_word' id='word_1_169' title='bbox 1087 1787 1318 1835; x_wconf 89' lang='lat' dir='ltr'>Invidia:</span> <span class='ocrx_word' id='word_1_170' title='bbox 1379 1786 1432 1834; x_wconf 89' lang='lat' dir='ltr'>Si</span> <span class='ocrx_word' id='word_1_171' title='bbox 1479 1786 1617 1834; x_wconf 91' lang='lat' dir='ltr'>enim</span> <span class='ocrx_word' id='word_1_172' title='bbox 1665 1791 1836 1833; x_wconf 89' lang='lat' dir='ltr'>essent</span> <span class='ocrx_word' id='word_1_173' title='bbox 1869 1809 1907 1839; x_wconf 83' lang='lat'>30</span> 
     </span>
     <span class='ocr_line' id='line_1_24' title="bbox 240 1851 1837 1922; baseline -0.004 -16"><span class='ocrx_word' id='word_1_174' title='bbox 240 1857 507 1922; x_wconf 86' lang='lat' dir='ltr'>Theologi‚</span> <span class='ocrx_word' id='word_1_175' title='bbox 549 1858 720 1904; x_wconf 89' lang='lat' dir='ltr'>Immo</span> <span class='ocrx_word' id='word_1_176' title='bbox 763 1855 802 1903; x_wconf 88' lang='lat' dir='ltr'>si</span> <span class='ocrx_word' id='word_1_177' title='bbox 843 1862 1014 1904; x_wconf 89' lang='lat' dir='ltr'>essent</span> <span class='ocrx_word' id='word_1_178' title='bbox 1051 1853 1344 1910; x_wconf 88' lang='lat' dir='ltr'>Christiani,</span> <span class='ocrx_word' id='word_1_179' title='bbox 1382 1854 1627 1901; x_wconf 91' lang='lat' dir='ltr'>deberent</span> <span class='ocrx_word' id='word_1_180' title='bbox 1665 1851 1837 1917; x_wconf 89' lang='lat' dir='ltr'>potius</span> 
     </span>
     <span class='ocr_line' id='line_1_25' title="bbox 240 1920 1838 1990; baseline -0.004 -17"><span class='ocrx_word' id='word_1_181' title='bbox 240 1924 645 1990; x_wconf 84' lang='lat' dir='ltr'>compassionem</span> <span class='ocrx_word' id='word_1_182' title='bbox 670 1924 856 1971; x_wconf 89' lang='lat' dir='ltr'>habere</span> <span class='ocrx_word' id='word_1_183' title='bbox 880 1924 944 1971; x_wconf 92' lang='lat' dir='ltr'>de</span> <span class='ocrx_word' id='word_1_184' title='bbox 968 1922 1114 1970; x_wconf 90' lang='lat' dir='ltr'>malis</span> <span class='ocrx_word' id='word_1_185' title='bbox 1143 1921 1355 1969; x_wconf 89' lang='lat' dir='ltr'>alicuius</span> <span class='ocrx_word' id='word_1_186' title='bbox 1380 1920 1656 1968; x_wconf 87' lang='lat' dir='ltr'>Christiani</span> <span class='ocrx_word' id='word_1_187' title='bbox 1681 1936 1838 1984; x_wconf 87' lang='lat' dir='ltr'>quam</span> 
     </span>
     <span class='ocr_line' id='line_1_26' title="bbox 240 1986 1838 2058; baseline -0.004 -18"><span class='ocrx_word' id='word_1_188' title='bbox 240 1993 462 2058; x_wconf 87' lang='lat' dir='ltr'>gaudere</span> <span class='ocrx_word' id='word_1_189' title='bbox 510 1998 562 2040; x_wconf 91' lang='lat' dir='ltr'>et</span> <span class='ocrx_word' id='word_1_190' title='bbox 609 1991 886 2039; x_wconf 81' lang='lat' dir='ltr'>exultare.’&#39;</span> <span class='ocrx_word' id='word_1_191' title='bbox 979 1990 1054 2037; x_wconf 91' lang='lat' dir='ltr'>Et</span> <span class='ocrx_word' id='word_1_192' title='bbox 1113 1988 1328 2037; x_wconf 89' lang='lat' dir='ltr'>credatis</span> <span class='ocrx_word' id='word_1_193' title='bbox 1381 1987 1508 2036; x_wconf 87' lang='lat' dir='ltr'>mihi</span> <span class='ocrx_word' id='word_1_194' title='bbox 1556 1987 1693 2052; x_wconf 90' lang='lat' dir='ltr'>quod</span> <span class='ocrx_word' id='word_1_195' title='bbox 1741 1986 1838 2034; x_wconf 92' lang='lat' dir='ltr'>hoc</span> 
     </span>
     <span class='ocr_line' id='line_1_27' title="bbox 242 2053 1841 2124; baseline -0.004 -16"><span class='ocrx_word' id='word_1_196' title='bbox 242 2060 469 2108; x_wconf 88' lang='lat' dir='ltr'>multum</span> <span class='ocrx_word' id='word_1_197' title='bbox 505 2059 829 2124; x_wconf 84' lang='lat' dir='ltr'>promovebit</span> <span class='ocrx_word' id='word_1_198' title='bbox 865 2074 1070 2105; x_wconf 88' lang='lat' dir='ltr'>causam</span> <span class='ocrx_word' id='word_1_199' title='bbox 1108 2057 1183 2105; x_wconf 92' lang='lat' dir='ltr'>Io.</span> <span class='ocrx_word' id='word_1_200' title='bbox 1223 2056 1288 2104; x_wconf 86' lang='lat' dir='ltr'>R.</span> <span class='ocrx_word' id='word_1_201' title='bbox 1328 2061 1379 2104; x_wconf 92' lang='lat' dir='ltr'>et</span> <span class='ocrx_word' id='word_1_202' title='bbox 1416 2071 1593 2103; x_wconf 91' lang='lat' dir='ltr'>omnes</span> <span class='ocrx_word' id='word_1_203' title='bbox 1629 2053 1841 2102; x_wconf 90' lang='lat' dir='ltr'>credent</span> 
     </span>
     <span class='ocr_line' id='line_1_28' title="bbox 243 2121 1912 2191; baseline -0.004 -17"><span class='ocrx_word' id='word_1_204' title='bbox 243 2126 382 2191; x_wconf 91' lang='lat' dir='ltr'>quod</span> <span class='ocrx_word' id='word_1_205' title='bbox 407 2143 470 2174; x_wconf 88' lang='lat' dir='ltr'>ex</span> <span class='ocrx_word' id='word_1_206' title='bbox 493 2125 685 2174; x_wconf 87' lang='lat' dir='ltr'>invidia</span> <span class='ocrx_word' id='word_1_207' title='bbox 719 2125 1025 2173; x_wconf 85' lang='lat' dir='ltr'>tribulatur:</span> <span class='ocrx_word' id='word_1_208' title='bbox 1062 2124 1201 2187; x_wconf 91' lang='lat' dir='ltr'>quod</span> <span class='ocrx_word' id='word_1_209' title='bbox 1229 2130 1406 2171; x_wconf 88' lang='lat' dir='ltr'>tamen</span> <span class='ocrx_word' id='word_1_210' title='bbox 1441 2122 1494 2170; x_wconf 93' lang='lat' dir='ltr'>in</span> <span class='ocrx_word' id='word_1_211' title='bbox 1528 2121 1599 2170; x_wconf 90' lang='lat' dir='ltr'>rei</span> <span class='ocrx_word' id='word_1_212' title='bbox 1624 2122 1840 2169; x_wconf 88' lang='lat' dir='ltr'>veritate</span> <span class='ocrx_word' id='word_1_213' title='bbox 1873 2143 1912 2173; x_wconf 85' lang='lat'>35</span> 
     </span>
     <span class='ocr_line' id='line_1_29' title="bbox 243 2189 1841 2257; baseline -0.004 -15"><span class='ocrx_word' id='word_1_214' title='bbox 243 2210 510 2257; x_wconf 88' lang='lat' dir='ltr'>nunquam</span> <span class='ocrx_word' id='word_1_215' title='bbox 536 2199 859 2257; x_wconf 86' lang='lat' dir='ltr'>compertum</span> <span class='ocrx_word' id='word_1_216' title='bbox 895 2199 986 2240; x_wconf 91' lang='lat' dir='ltr'>est.</span> <span class='ocrx_word' id='word_1_217' title='bbox 1060 2191 1198 2247; x_wconf 79' lang='lat' dir='ltr'>Quia</span> <span class='ocrx_word' id='word_1_218' title='bbox 1222 2191 1306 2239; x_wconf 92' lang='lat' dir='ltr'>ille</span> <span class='ocrx_word' id='word_1_219' title='bbox 1330 2189 1643 2237; x_wconf 87' lang='lat' dir='ltr'>adversarius</span> <span class='ocrx_word' id='word_1_220' title='bbox 1668 2194 1841 2236; x_wconf 90' lang='lat' dir='ltr'>noster</span> 
     </span>
     <span class='ocr_line' id='line_1_30' title="bbox 246 2256 1839 2325; baseline -0.004 -16"><span class='ocrx_word' id='word_1_221' title='bbox 246 2278 334 2310; x_wconf 91' lang='lat' dir='ltr'>seu</span> <span class='ocrx_word' id='word_1_222' title='bbox 372 2260 543 2325; x_wconf 90' lang='lat' dir='ltr'>potius</span> <span class='ocrx_word' id='word_1_223' title='bbox 590 2260 643 2308; x_wconf 91' lang='lat' dir='ltr'>in</span> <span class='ocrx_word' id='word_1_224' title='bbox 686 2260 891 2308; x_wconf 91' lang='lat' dir='ltr'>Christo</span> <span class='ocrx_word' id='word_1_225' title='bbox 938 2259 1146 2314; x_wconf 80' lang='lat' dir='ltr'>amicUS‚</span> <span class='ocrx_word' id='word_1_226' title='bbox 1189 2264 1242 2306; x_wconf 91' lang='lat' dir='ltr'>et</span> <span class='ocrx_word' id='word_1_227' title='bbox 1280 2257 1357 2305; x_wconf 92' lang='lat' dir='ltr'>sui</span> <span class='ocrx_word' id='word_1_228' title='bbox 1395 2256 1839 2320; x_wconf 87' lang='lat' dir='ltr'>Philocapniones‚</span> 
     </span>
     <span class='ocr_line' id='line_1_31' title="bbox 245 2321 1842 2385; baseline -0.005 -9"><span class='ocrx_word' id='word_1_229' title='bbox 245 2328 298 2376; x_wconf 92' lang='lat' dir='ltr'>id</span> <span class='ocrx_word' id='word_1_230' title='bbox 323 2335 400 2375; x_wconf 87' lang='lat' dir='ltr'>est</span> <span class='ocrx_word' id='word_1_231' title='bbox 425 2327 543 2375; x_wconf 91' lang='lat' dir='ltr'>Filii</span> <span class='ocrx_word' id='word_1_232' title='bbox 571 2328 643 2375; x_wconf 92' lang='lat' dir='ltr'>Io.</span> <span class='ocrx_word' id='word_1_233' title='bbox 674 2329 738 2376; x_wconf 84' lang='lat' dir='ltr'>R.</span> <span class='ocrx_word' id='word_1_234' title='bbox 765 2327 986 2375; x_wconf 76' lang='lat' dir='ltr'>fecerrsit</span> <span class='ocrx_word' id='word_1_235' title='bbox 1020 2324 1256 2373; x_wconf 90' lang='lat' dir='ltr'>iniuriam</span> <span class='ocrx_word' id='word_1_236' title='bbox 1284 2326 1358 2373; x_wconf 90' lang='lat' dir='ltr'>Io.</span> <span class='ocrx_word' id='word_1_237' title='bbox 1387 2323 1726 2378; x_wconf 82' lang='lat' dir='ltr'>Pfefferkorn‚</span> <span class='ocrx_word' id='word_1_238' title='bbox 1752 2321 1842 2385; x_wconf 92' lang='lat' dir='ltr'>qui</span> 
     </span>
     <span class='ocr_line' id='line_1_32' title="bbox 247 2388 1842 2459; baseline -0.004 -17"><span class='ocrx_word' id='word_1_239' title='bbox 247 2395 479 2443; x_wconf 86' lang='lat' dir='ltr'>defendit</span> <span class='ocrx_word' id='word_1_240' title='bbox 517 2411 568 2442; x_wconf 91' lang='lat' dir='ltr'>se</span> <span class='ocrx_word' id='word_1_241' title='bbox 615 2400 668 2442; x_wconf 91' lang='lat' dir='ltr'>et</span> <span class='ocrx_word' id='word_1_242' title='bbox 714 2393 911 2459; x_wconf 88' lang='lat' dir='ltr'>scripsit</span> <span class='ocrx_word' id='word_1_243' title='bbox 959 2393 1241 2441; x_wconf 89' lang='lat' dir='ltr'>veritatem.</span> <span class='ocrx_word' id='word_1_244' title='bbox 1332 2391 1405 2439; x_wconf 90' lang='lat' dir='ltr'>Et</span> <span class='ocrx_word' id='word_1_245' title='bbox 1452 2391 1670 2455; x_wconf 86' lang='lat' dir='ltr'>ipsemet</span> <span class='ocrx_word' id='word_1_246' title='bbox 1710 2388 1842 2453; x_wconf 91' lang='lat' dir='ltr'>petit</span> 
     </span>
     <span class='ocr_line' id='line_1_33' title="bbox 246 2455 1916 2526; baseline -0.005 -16"><span class='ocrx_word' id='word_1_247' title='bbox 246 2462 386 2526; x_wconf 91' lang='lat' dir='ltr'>quod</span> <span class='ocrx_word' id='word_1_248' title='bbox 444 2461 692 2510; x_wconf 89' lang='lat' dir='ltr'>moriatur</span> <span class='ocrx_word' id='word_1_249' title='bbox 751 2461 790 2509; x_wconf 90' lang='lat' dir='ltr'>si</span> <span class='ocrx_word' id='word_1_250' title='bbox 847 2461 928 2510; x_wconf 82' lang='lat' dir='ltr'>vel</span> <span class='ocrx_word' id='word_1_251' title='bbox 998 2460 1270 2508; x_wconf 87' lang='lat' dir='ltr'>minimum</span> <span class='ocrx_word' id='word_1_252' title='bbox 1342 2457 1570 2506; x_wconf 74' lang='lat' dir='ltr'>medatiss</span> <span class='ocrx_word' id='word_1_253' title='bbox 1629 2455 1841 2520; x_wconf 86' lang='lat' dir='ltr'>scripsit.</span> <span class='ocrx_word' id='word_1_254' title='bbox 1877 2472 1916 2501; x_wconf 84' lang='lat'>40</span> 
     </span>
     <span class='ocr_line' id='line_1_34' title="bbox 249 2522 1844 2585; baseline -0.005 -8"><span class='ocrx_word' id='word_1_255' title='bbox 249 2528 502 2585; x_wconf 78' lang='lat' dir='ltr'>Quamvis</span> <span class='ocrx_word' id='word_1_256' title='bbox 560 2529 836 2577; x_wconf 88' lang='lat' dir='ltr'>Psalmista</span> <span class='ocrx_word' id='word_1_257' title='bbox 893 2527 1017 2575; x_wconf 90' lang='lat' dir='ltr'>dicit</span> <span class='ocrx_word' id='word_1_258' title='bbox 1077 2536 1105 2554; x_wconf 90' lang='lat'>“</span> <span class='ocrx_word' id='word_1_259' title='bbox 1128 2526 1311 2575; x_wconf 91' lang='lat' dir='ltr'>Omnis</span> <span class='ocrx_word' id='word_1_260' title='bbox 1370 2526 1524 2573; x_wconf 88' lang='lat' dir='ltr'>homo</span> <span class='ocrx_word' id='word_1_261' title='bbox 1578 2522 1844 2571; x_wconf 85' lang='lat' dir='ltr'>mendax.”</span> 
     </span>
     <span class='ocr_line' id='line_1_35' title="bbox 250 2590 1845 2659; baseline -0.005 -15"><span class='ocrx_word' id='word_1_262' title='bbox 250 2597 362 2644; x_wconf 80' lang='lat' dir='ltr'>Nec</span> <span class='ocrx_word' id='word_1_263' title='bbox 412 2597 566 2645; x_wconf 91' lang='lat' dir='ltr'>debet</span> <span class='ocrx_word' id='word_1_264' title='bbox 619 2596 820 2644; x_wconf 89' lang='lat' dir='ltr'>obstare</span> <span class='ocrx_word' id='word_1_265' title='bbox 872 2596 1013 2659; x_wconf 92' lang='lat' dir='ltr'>quod</span> <span class='ocrx_word' id='word_1_266' title='bbox 1061 2595 1134 2642; x_wconf 94' lang='lat' dir='ltr'>Io.</span> <span class='ocrx_word' id='word_1_267' title='bbox 1187 2593 1337 2641; x_wconf 82' lang='lat' dir='ltr'>Pfeff.</span> <span class='ocrx_word' id='word_1_268' title='bbox 1390 2593 1442 2640; x_wconf 92' lang='lat' dir='ltr'>in</span> <span class='ocrx_word' id='word_1_269' title='bbox 1501 2590 1742 2654; x_wconf 89' lang='lat' dir='ltr'>nequitiis</span> <span class='ocrx_word' id='word_1_270' title='bbox 1792 2595 1845 2637; x_wconf 90' lang='lat' dir='ltr'>et</span> 
     </span>
     <span class='ocr_line' id='line_1_36' title="bbox 252 2654 1845 2728; baseline -0.005 -16"><span class='ocrx_word' id='word_1_271' title='bbox 252 2654 534 2712; x_wconf 62' lang='lat' dir='ltr'>Criminib‘)</span> <span class='ocrx_word' id='word_1_272' title='bbox 550 2681 578 2711; x_wconf 92' lang='lat' dir='ltr'>a</span> <span class='ocrx_word' id='word_1_273' title='bbox 593 2663 773 2728; x_wconf 91' lang='lat' dir='ltr'>puerili</span> <span class='ocrx_word' id='word_1_274' title='bbox 792 2663 949 2728; x_wconf 77' lang='lat' dir='ltr'>procl]</span> <span class='ocrx_word' id='word_1_275' title='bbox 965 2661 1109 2710; x_wconf 92' lang='lat' dir='ltr'>dolor</span> <span class='ocrx_word' id='word_1_276' title='bbox 1125 2662 1320 2709; x_wconf 88' lang='lat' dir='ltr'>Aetate</span> <span class='ocrx_word' id='word_1_277' title='bbox 1339 2665 1417 2721; x_wconf 89' lang='lat' dir='ltr'>(ut</span> <span class='ocrx_word' id='word_1_278' title='bbox 1433 2659 1650 2723; x_wconf 87' lang='lat' dir='ltr'>ipsemet</span> <span class='ocrx_word' id='word_1_279' title='bbox 1670 2655 1845 2704; x_wconf 90' lang='lat' dir='ltr'>scribit</span> 
     </span>
     <span class='ocr_line' id='line_1_37' title="bbox 251 2725 1842 2791; baseline -0.005 -13"><span class='ocrx_word' id='word_1_280' title='bbox 251 2731 305 2778; x_wconf 91' lang='lat' dir='ltr'>in</span> <span class='ocrx_word' id='word_1_281' title='bbox 363 2731 656 2779; x_wconf 86' lang='lat' dir='ltr'>defensione</span> <span class='ocrx_word' id='word_1_282' title='bbox 705 2747 794 2778; x_wconf 91' lang='lat' dir='ltr'>sua</span> <span class='ocrx_word' id='word_1_283' title='bbox 852 2736 1030 2778; x_wconf 89' lang='lat' dir='ltr'>contra</span> <span class='ocrx_word' id='word_1_284' title='bbox 1078 2726 1346 2791; x_wconf 90' lang='lat' dir='ltr'>Famosas)</span> <span class='ocrx_word' id='word_1_285' title='bbox 1395 2725 1704 2774; x_wconf 86' lang='lat' dir='ltr'>exercitatus</span> <span class='ocrx_word' id='word_1_286' title='bbox 1752 2729 1842 2771; x_wconf 90' lang='lat' dir='ltr'>est.</span> 
     </span>
     <span class='ocr_line' id='line_1_38' title="bbox 254 2790 1920 2861; baseline -0.005 -17"><span class='ocrx_word' id='word_1_287' title='bbox 254 2797 393 2852; x_wconf 78' lang='lat' dir='ltr'>Quia</span> <span class='ocrx_word' id='word_1_288' title='bbox 421 2797 539 2845; x_wconf 87' lang='lat' dir='ltr'>licet</span> <span class='ocrx_word' id='word_1_289' title='bbox 573 2797 752 2861; x_wconf 90' lang='lat' dir='ltr'>aliquis</span> <span class='ocrx_word' id='word_1_290' title='bbox 785 2797 940 2846; x_wconf 90' lang='lat' dir='ltr'>etiam</span> <span class='ocrx_word' id='word_1_291' title='bbox 982 2813 1070 2861; x_wconf 92' lang='lat' dir='ltr'>per</span> <span class='ocrx_word' id='word_1_292' title='bbox 1107 2796 1322 2858; x_wconf 80' lang='lat' dir='ltr'>longum</span> <span class='ocrx_word' id='word_1_293' title='bbox 1355 2799 1560 2856; x_wconf 89' lang='lat' dir='ltr'>tempus</span> <span class='ocrx_word' id='word_1_294' title='bbox 1590 2791 1655 2839; x_wconf 90' lang='lat' dir='ltr'>sit</span> <span class='ocrx_word' id='word_1_295' title='bbox 1684 2790 1848 2838; x_wconf 89' lang='lat' dir='ltr'>malus</span> <span class='ocrx_word' id='word_1_296' title='bbox 1882 2805 1920 2836; x_wconf 84' lang='lat'>45</span> 
     </span>
     <span class='ocr_line' id='line_1_39' title="bbox 254 2857 1849 2927; baseline -0.004 -15"><span class='ocrx_word' id='word_1_297' title='bbox 254 2871 307 2912; x_wconf 90' lang='lat' dir='ltr'>et</span> <span class='ocrx_word' id='word_1_298' title='bbox 331 2864 664 2927; x_wconf 85' lang='lat' dir='ltr'>nequitiosuS‚</span> <span class='ocrx_word' id='word_1_299' title='bbox 688 2871 864 2912; x_wconf 90' lang='lat' dir='ltr'>tamen</span> <span class='ocrx_word' id='word_1_300' title='bbox 900 2864 1030 2912; x_wconf 89' lang='lat' dir='ltr'>bene</span> <span class='ocrx_word' id='word_1_301' title='bbox 1064 2863 1253 2911; x_wconf 90' lang='lat' dir='ltr'>iterum</span> <span class='ocrx_word' id='word_1_302' title='bbox 1289 2865 1461 2925; x_wconf 90' lang='lat' dir='ltr'>potest</span> <span class='ocrx_word' id='word_1_303' title='bbox 1489 2859 1596 2907; x_wconf 88' lang='lat' dir='ltr'>fieri</span> <span class='ocrx_word' id='word_1_304' title='bbox 1627 2857 1815 2923; x_wconf 92' lang='lat' dir='ltr'>probus</span> <span class='ocrx_word' id='word_1_305' title='bbox 1840 2876 1849 2906; x_wconf 76' lang='grc' dir='ltr'>ι</span> 
     </span>
    </p>
   </div>
   <div class='ocr_carea' id='block_1_5' title="bbox 257 2969 1853 3164">
    <p class='ocr_par' dir='ltr' id='par_1_6' title="bbox 257 2969 1853 3164">
     <span class='ocr_line' id='line_1_40' title="bbox 301 2969 1853 3015; baseline -0.005 -4"><span class='ocrx_word' id='word_1_306' title='bbox 301 2975 329 2996; x_wconf 79' lang='lat'>¹³</span> <span class='ocrx_word' id='word_1_307' title='bbox 353 2978 509 3012; x_wconf 69' lang='lat' dir='ltr'>Cursica.</span> <span class='ocrx_word' id='word_1_308' title='bbox 559 2976 626 3011; x_wconf 86' lang='lat' dir='ltr'>See</span> <span class='ocrx_word' id='word_1_309' title='bbox 644 2977 679 3010; x_wconf 90' lang='lat' dir='ltr'>ii.</span> <span class='ocrx_word' id='word_1_310' title='bbox 701 2978 734 3011; x_wconf 85' lang='lat'>5.</span> <span class='ocrx_word' id='word_1_311' title='bbox 1135 2973 1161 2992; x_wconf 83' lang='lat'>³⁷</span> <span class='ocrx_word' id='word_1_312' title='bbox 1192 2974 1394 3015; x_wconf 73' lang='lat' dir='ltr'>Philoeap.:</span> <span class='ocrx_word' id='word_1_313' title='bbox 1428 2971 1493 3006; x_wconf 88' lang='lat' dir='ltr'>the</span> <span class='ocrx_word' id='word_1_314' title='bbox 1526 2971 1649 3006; x_wconf 83' lang='lat' dir='ltr'>writer</span> <span class='ocrx_word' id='word_1_315' title='bbox 1678 2969 1853 3005; x_wconf 84' lang='lat' dir='ltr'>mistakes</span> 
     </span>
     <span class='ocr_line' id='line_1_41' title="bbox 1089 3019 1377 3063; baseline -0.007 -9"><span class='ocrx_word' id='word_1_316' title='bbox 1089 3023 1181 3062; x_wconf 79' lang='grc' dir='ltr'>φίλος</span> <span class='ocrx_word' id='word_1_317' title='bbox 1198 3019 1377 3063; x_wconf 71' lang='lat' dir='ltr'>forfilius.</span> 
     </span>
     <span class='ocr_line' id='line_1_42' title="bbox 306 3063 1528 3111; baseline -0.007 -5"><span class='ocrx_word' id='word_1_318' title='bbox 306 3070 330 3090; x_wconf 72' lang='lat'>¹⁷</span> <span class='ocrx_word' id='word_1_319' title='bbox 357 3075 442 3106; x_wconf 68' lang='lat' dir='ltr'>sent.</span> <span class='ocrx_word' id='word_1_320' title='bbox 458 3083 469 3105; x_wconf 89' lang='lat'><em>:</em></span> <span class='ocrx_word' id='word_1_321' title='bbox 495 3070 552 3104; x_wconf 88' lang='lat' dir='ltr'>for</span> <span class='ocrx_word' id='word_1_322' title='bbox 568 3072 803 3111; x_wconf 42' lang='lat' dir='ltr'>sementiam&amp;</span> <span class='ocrx_word' id='word_1_323' title='bbox 827 3069 921 3105; x_wconf 82' lang='lat' dir='ltr'>later</span> <span class='ocrx_word' id='word_1_324' title='bbox 935 3070 1016 3105; x_wconf 90' lang='lat' dir='ltr'>edd.</span> <span class='ocrx_word' id='word_1_325' title='bbox 1136 3065 1164 3084; x_wconf 76' lang='lat'>³⁸</span> <span class='ocrx_word' id='word_1_326' title='bbox 1179 3068 1251 3109; x_wconf 61' lang='lat' dir='ltr'>sec,</span> <span class='ocrx_word' id='word_1_327' title='bbox 1301 3068 1371 3108; x_wconf 77' lang='lat' dir='ltr'>Sic,</span> <span class='ocrx_word' id='word_1_328' title='bbox 1391 3065 1429 3099; x_wconf 90' lang='lat' dir='ltr'>in</span> <span class='ocrx_word' id='word_1_329' title='bbox 1450 3063 1528 3110; x_wconf 89' lang='lat' dir='ltr'>[D].</span> 
     </span>
     <span class='ocr_line' id='line_1_43' title="bbox 257 3112 1472 3164; baseline -0.006 -12"><span class='ocrx_word' id='word_1_330' title='bbox 257 3120 340 3164; x_wconf 82' lang='lat' dir='ltr'>give</span> <span class='ocrx_word' id='word_1_331' title='bbox 359 3119 379 3135; x_wconf 88' lang='grc'>“</span> <span class='ocrx_word' id='word_1_332' title='bbox 391 3119 611 3152; x_wconf 82' lang='lat' dir='ltr'>sententiam</span> <span class='ocrx_word' id='word_1_333' title='bbox 629 3117 790 3152; x_wconf 84' lang='lat' dir='ltr'>ferunt.&#39;&#39;</span> <span class='ocrx_word' id='word_1_334' title='bbox 1136 3112 1162 3132; x_wconf 83' lang='lat'>‘¹</span> <span class='ocrx_word' id='word_1_335' title='bbox 1187 3114 1279 3148; x_wconf 77' lang='lat' dir='ltr'>Psal.</span> <span class='ocrx_word' id='word_1_336' title='bbox 1292 3125 1304 3147; x_wconf 92' lang='lat'>.·</span> <span class='ocrx_word' id='word_1_337' title='bbox 1320 3124 1399 3147; x_wconf 84' lang='lat' dir='ltr'>cxv.</span> <span class='ocrx_word' id='word_1_338' title='bbox 1420 3112 1472 3146; x_wconf 89' lang='lat' dir='ltr'>ll.</span> 
     </span>
    </p>
   </div>
   <div class='ocr_carea' id='block_1_6' title="bbox 1021 3176 1117 3221">
    <p class='ocr_par' dir='ltr' id='par_1_7' title="bbox 1021 3176 1117 3221">
     <span class='ocr_line' id='line_1_44' title="bbox 1021 3176 1117 3221; baseline 0.042 -5"><span class='ocrx_word' id='word_1_339' title='bbox 1021 3176 1117 3221; x_wconf 81' lang='lat'>247</span> 
     </span>
    </p>
   </div>
  </div>
 </body>
</html>
