2247 3637
396 263 870 320 EPISTOLAE
935 262 1528 319 OBSCURORUM
1576 262 1987 318 VIRORUM

305 396 362 425 120
393 388 512 419 oves
543 372 749 427 Christi,
773 371 825 418 id
850 377 927 419 est
958 370 1207 435 populum
1238 370 1603 426 Christianum,
1631 377 1641 395 ‘
1659 376 1725 427 et3
1743 370 1989 418 delacera-

393 439 523 486 bunt
548 438 658 486 illos
691 438 837 502 lupos
869 437 957 501 qui
982 444 1312 485 vastaverunt
1338 437 1470 484 ovile
1495 437 1592 493 dei,
1618 442 1670 484 et
1694 437 1990 501 purgabunt

392 505 680 553 Ecclesiam
717 505 827 560 dei,’
866 505 916 551 id
952 511 1030 552 est
1062 505 1263 552 eiicient
1306 504 1417 552 illos
1460 504 1685 551 sordidas
1727 511 1779 551 et
1820 504 1989 551 faecu-

392 572 558 619 lentos
583 572 852 636 theologos
881 571 967 635 qui
992 571 1117 619 nihil
1146 571 1313 619 sciunt
1349 578 1402 619 et
1427 570 1600 618 omnia
1630 570 1755 619 scire
1791 577 1989 634 preten-

393 640 571 686 dunt.'’
658 641 944 702 Postquam
981 638 1104 686 talia
1138 638 1283 694 dixit,
1311 638 1488 686 recessi
1523 638 1588 685 ab
1625 654 1699 693 eo,
1727 644 1779 685 et
1818 638 1990 685 Iuravi

304 728 361 757 125
397 707 460 753 ad
492 713 667 754 sancta
703 712 996 754 sanctorum
1032 707 1171 769 quod
1196 706 1313 753 volo
1351 705 1565 753 scribere
1601 706 1664 752 ad
1703 704 1987 752 Coloniam.

398 774 530 821 Peto
566 790 686 837 ergo
723 772 968 820 humilter
1004 773 1140 836 quod
1179 773 1344 820 velitis
1382 774 1477 819 ista
1518 772 1684 819 dicere
1727 771 1990 835 Magistris

398 841 598 887 Nostris
637 846 689 887 et
730 839 948 887 Iohanni
990 839 1311 887 Pfefferkorn
1351 840 1438 903 qui
1481 845 1557 886 est
1595 838 1738 902 quasi
1775 840 1991 903 scriptor

397 907 780 955 Coloniensium
819 913 871 954 et
913 906 1007 954 scit
1056 907 1353 955 mirabiliter
1401 922 1721 969 componere,
1764 911 1822 952 ut
1862 906 1991 954 bene

396 981 549 1022 vexet
589 990 672 1022 eos
715 973 912 1037 scriptis
954 974 1069 1021 suis.
1156 974 1250 1021 Ille
1289 974 1376 1038 qui
1412 974 1544 1021 dixit
1580 973 1691 1028 ista,
1728 979 1804 1020 est
1840 979 1992 1020 natus

305 1062 362 1091 1:30
398 1057 460 1088 ex
501 1041 686 1088 Perlin.
763 1041 815 1087 Si
854 1040 1009 1088 vultis
1048 1058 1236 1089 nomen
1276 1041 1381 1089 eius
1424 1040 1564 1095 scire,
1597 1046 1723 1088 tunc
1762 1040 1991 1087 scribatis

398 1108 537 1164 mihi,
576 1114 628 1155 et
664 1108 829 1155 dicam
874 1108 1030 1155 vobis.
1116 1109 1232 1172 Ipse
1275 1107 1416 1155 stetit
1455 1108 1731 1164 Bononiae,
1769 1107 1857 1154 ubi
1892 1106 1991 1154 fuit

397 1175 526 1223 bene
575 1175 878 1238 castigatus:
940 1175 1026 1223 sed
1072 1181 1248 1223 tamen
1307 1175 1472 1222 adhuc
1530 1174 1758 1238 loquitur
1816 1180 1993 1221 contra

397 1242 689 1306 Theologos
726 1248 778 1290 et
814 1249 890 1290 est
924 1243 1056 1290 male
1086 1242 1432 1291 Christianus.
1470 1248 1521 1289 et
1554 1248 1729 1289 manet
1754 1241 1806 1288 in
1831 1241 1992 1305 pravi-

395 1315 504 1356 tate
541 1325 644 1364 sua,
679 1315 731 1356 et
768 1326 889 1373 ergo
914 1309 1160 1357 morietur
1195 1310 1247 1357 in
1282 1310 1531 1373 g,ehenna
1559 1326 1586 1355 a
1618 1326 1719 1371 qua
1755 1308 1992 1355 dominus

305 1396 362 1425 135
397 1377 522 1423 deus
548 1383 811 1424 conservet
830 1393 920 1424 vos
939 1383 990 1424 et
1011 1377 1301 1441 Theologos
1326 1383 1379 1424 et
1402 1376 1582 1423 fratres
1609 1375 1993 1423 Praedicatoles

398 1459 486 1507 per
511 1444 683 1491 omnia
706 1444 874 1491 secula
900 1444 1200 1492 seculorum.
1274 1444 1462 1491 Amen.
1537 1444 1739 1490 Datum
1767 1442 1991 1490 Franck-

396 1511 588 1559 fordiae
614 1511 749 1575 apud
778 1511 1015 1558 Oderam.

1156 1731 1232 1778 LI

546 1868 608 1916 Εἰ
648 1867 853 1914 ΙΟΗΑ
862 1867 1088 1914 NNES
1120 1866 1618 1913 HELFERICH
1656 1865 1843 1914 Latine

814 1935 852 1981 I
859 1934 1049 1981 UPPI
1055 1934 1209 1981 TER
1235 1934 1313 1980 M.
1347 1933 1560 1981 Ortw'no

460 2070 820 2123 {ALUTEM
882 2085 1000 2116 cum
1060 2067 1347 2116 humillima
1401 2068 1848 2116 commendatione
1900 2067 1994 2115 sui.

528 2135 843 2184 Venerabilis
882 2136 1089 2183 domine
1134 2136 1400 2199 Magister,
1439 2136 1569 2183 sicut
1614 2135 1831 2183 scribitis
1870 2133 1994 2181 mihi

346 2219 364 2248 5
399 2204 538 2268 quod
597 2204 792 2251 habetis
851 2203 1241 2250 admirationem
1300 2202 1482 2250 abinde
1539 2203 1679 2266 quod
1738 2218 1865 2249 voco
1911 2218 1995 2249 me

400 2272 637 2336 iuppiter,
688 2269 869 2318 Sciatis
928 2270 1065 2333 quod
1124 2271 1330 2333 quando
1390 2270 1509 2317 steti
1574 2270 1816 2325 Viennae,
1868 2274 1995 2316 tunc

403 2338 574 2386 audivi
612 2337 854 2385 lectiones
893 2338 945 2384 in
987 2337 1196 2402 poetria,
1223 2343 1274 2384 et
1307 2338 1407 2385 fuit
1449 2337 1516 2384 ibi
1552 2337 1760 2400 quidam
1800 2336 1996 2384 iuvenis

402 2412 555 2470 poeta
596 2405 683 2469 qui
730 2404 829 2452 fuit
876 2403 1153 2467 discipulus
1202 2404 1427 2452 Cunradi
1477 2403 1637 2452 Celtis
1685 2409 1737 2451 et
1785 2409 1997 2450 vocatur

404 2472 657 2536 Georgius
702 2472 927 2520 Sibutus.
1011 2472 1128 2534 Ipse
1169 2470 1268 2518 fuit
1311 2472 1473 2519 socius
1517 2488 1661 2518 meus
1704 2477 1755 2518 et
1797 2486 1997 2533 semper

330 2556 367 2584 10
402 2541 593 2587 fuimus
617 2556 732 2586 una.
806 2538 879 2585 Et
910 2537 1040 2585 dixit
1074 2537 1199 2585 mihi
1230 2544 1333 2586 “tu
1364 2539 1517 2585 debes
1552 2537 1719 2585 vocari
1747 2537 1994 2600 Iuppiter,

403 2607 522 2670 quia
549 2605 747 2670 Iupiter
770 2605 927 2652 latine
952 2611 1029 2653 est
1059 2605 1193 2652 idem
1227 2605 1364 2668 quod
1400 2604 1663 2652 Helferich
1690 2603 1997 2651 teutonice.”

405 2675 478 2721 Et
514 2673 583 2721 sic
622 2679 809 2720 vocant
838 2689 921 2719 me
950 2689 1086 2719 nunc
1114 2672 1360 2735 Iuppiter.
1437 2672 1536 2719 Sed
1574 2672 1655 2719 ille
1681 2677 1833 2735 poeta
1857 2687 1994 2718 nunc

404 2748 482 2788 est
512 2741 585 2787 W
589 2739 899 2802 ittenbergk,
937 2745 989 2787 et
1026 2738 1095 2786 ibi
1132 2739 1327 2802 accepit
1363 2755 1518 2785 unani
1555 2739 1821 2802 antiquam
1853 2743 1996 2785 vetu-

404 2808 505 2854 lam
545 2824 673 2871 quae
710 2806 840 2854 vixit
876 2805 1020 2853 annis
1057 2805 1384 2870 septuaginta
1419 2812 1536 2853 octo
1573 2805 1654 2853 vel
1689 2805 1842 2870 paulo
1867 2804 1994 2869 pluS.

454 2944 496 2964 ¹²⁰
514 2948 619 2980 delae.
668 2949 737 2989 Sic,
759 2947 795 2979 in
815 2943 882 2991 [D]
901 2945 973 2978 and
994 2942 1068 2988 [E].
1235 2944 1263 2976 is
1282 2943 1430 2977 derived
1450 2943 1542 2976 from
1564 2944 1733 2987 “juvans
1753 2947 1856 2988 pater
1869 2942 1887 2957 ''
1914 2943 1942 2977 it
1967 2943 1997 2977 is

456 2992 497 3010 ¹²²
513 2995 606 3026 sord.
656 2996 726 3035 Sic,
746 2994 782 3025 in
822 2991 870 3037 D]
890 2992 961 3025 and
982 2990 1058 3036 [E]
1235 2995 1300 3023 not
1320 3002 1510 3034 necessary
1536 2995 1574 3024 to
1599 2991 1695 3024 refer
1719 2996 1758 3024 to
1784 2991 1848 3024 the
1876 2991 1998 3024 (atho-

456 3038 495 3057 ¹²⁵
513 3042 608 3073 hum.
657 2992 883 3084 ,sic,i11iD].
1233 3039 1333 3070 licon.
1385 3038 1439 3070 (tf,
1469 3038 1607 3080 (icero,
1641 3040 1689 3071 He
1718 3039 1802 3071 Nat.
1829 3038 1996 3079 Deorum,

454 3086 494 3104 ¹³⁰
512 3089 643 3120 Perlin,
693 3087 760 3121 See
777 3088 812 3120 ii.
832 3086 887 3121 22.
1234 3085 1270 3117 ii.
1289 3083 1343 3117 25.

453 3132 464 3149 ‘³
484 3136 657 3176 iuppiter:
690 3134 746 3167 for
776 3134 840 3167 the
870 3133 997 3167 motion
1023 3131 1105 3165 that
1129 3130 1163 3165 J.
1281 3130 1293 3148 ⁰
1312 3132 1462 3164 Sibutus.
1512 3132 1580 3165 See
1598 3132 1619 3164 i.
1639 3130 1673 3174 3,
1692 3142 1727 3164 η.

1166 3192 1262 3233 240
