2247 3637
371 258 842 315 EPISTOLAE
902 259 1495 318 OBSCURORUM
1553 262 1959 319 VIRORUM

368 367 630 415 modicum
668 367 731 416 de
771 368 996 417 Candela
1033 369 1267 434 paschali.
1341 369 1547 418 Deinde
1584 370 1763 417 dicatis
1809 369 1960 417 istam

370 434 792 483 Coniurationem
818 452 967 500 super
987 437 1304 501 Imaginem:
1345 446 1372 464 “
1392 436 1618 484 Coniuro
1640 442 1694 484 te
1719 436 1848 484 Cera
1872 453 1962 500 per

369 500 616 548 virtutem
634 501 715 550 dei
740 502 1123 567 omnipotentis,
1140 521 1229 568 per
1247 520 1433 551 novem
1452 503 1629 551 choros
1647 503 1961 567 angelorum,

297 586 335 615 35
369 583 457 632 per
493 568 740 617 virtutem
777 569 1036 618 Cosdriel:
1074 570 1363 618 boldriach:
1399 569 1597 618 tornab.
1637 569 1821 618 Lissiel
1861 569 1957 618 far-

369 634 498 683 nach
535 635 702 699 pitrax
739 642 792 685 et
829 636 1065 694 Starnial‚
1090 638 1230 700 quod
1264 638 1387 685 velis
1422 636 1548 684 mihi
1583 643 1961 701 repraesentare

369 701 421 748 in
458 701 598 750 omni
640 703 928 751 substantia
967 710 1020 752 et
1062 704 1434 769 Corporalitate
1474 704 1750 751 Barbaram
1792 703 1961 761 Elsae‚

370 775 430 816 ut
476 769 683 818 obediat
729 769 854 817 mihi
901 769 953 817 in
994 771 1232 818 omnibus
1278 776 1311 835 q
1358 771 1522 819 volo.’'
1608 771 1797 819 Postea
1842 771 1960 819 scri-

371 835 502 883 batis
544 836 734 884 circum
778 842 931 901 caput
973 836 1208 901 imaginis
1254 838 1378 886 haec
1426 837 1635 886 nomina
1678 855 1795 885 cum
1842 838 1961 886 stilo

298 922 336 950 40
370 910 612 967 argenteo
662 903 905 951 “Astrab
943 914 984 954 ÷
1018 904 1202 951 Arnod
1248 915 1289 956 -ι-
1332 905 1543 953 Bildron
1586 915 1626 956 ÷
1668 905 1832 969 Sydra
1868 915 1910 957 ÷
1937 906 1961 922 ”

371 969 445 1017 Et
470 970 539 1018 sic
564 971 764 1034 ponatis
783 969 1057 1034 imaginem
1084 970 1135 1019 in
1160 971 1315 1019 ollam
1340 979 1392 1021 et
1416 989 1616 1035 aquam.
1689 971 1762 1019 Et
1786 972 1962 1036 ponite

369 1037 433 1084 ad
458 1037 644 1100 ignem.
715 1037 788 1084 Et
813 1036 994 1085 dicatis
1019 1038 1174 1086 istam
1200 1038 1651 1088 Coniurationem:
1689 1046 1716 1065 “
1736 1039 1962 1087 Coniuro

369 1110 437 1160 te,
477 1104 697 1152 Barbara
733 1103 901 1161 Elsae‚
935 1121 1024 1169 per
1055 1105 1303 1153 virtutem
1339 1106 1420 1155 dei
1456 1105 1840 1171 omnipotentis,
1874 1123 1963 1171 per

368 1187 555 1218 novem
592 1171 770 1219 choros
806 1172 1121 1235 angelorum,
1147 1189 1236 1237 per
1271 1173 1517 1222 virtutem
1555 1172 1783 1222 Cosdriel
1819 1173 1965 1221 bold-

297 1256 334 1285 45
368 1237 505 1285 riach
546 1244 724 1286 tornac
766 1238 935 1295 lissieL
973 1240 1182 1287 fornach
1224 1239 1393 1304 pitrax
1436 1247 1488 1289 et
1524 1240 1747 1296 starnial‚
1785 1246 1838 1289 et
1874 1257 1963 1306 per

369 1304 615 1353 virtutem
630 1305 846 1353 istorum
862 1305 1133 1354 nominum
1149 1307 1346 1355 Astrob
1354 1308 1537 1356 Arnod
1555 1307 1765 1355 Bildron
1784 1307 1962 1372 Sydra,

368 1372 507 1435 quod
532 1373 707 1421 statim
731 1372 942 1437 incipias
967 1390 1135 1422 amare
1158 1390 1242 1422 me
1267 1374 1340 1422 ita
1363 1375 1502 1438 quod
1536 1375 1642 1423 sine
1673 1374 1963 1423 tardatione

369 1439 494 1486 velis
528 1440 592 1488 ad
629 1457 710 1488 me
737 1441 922 1489 venire.
996 1440 1134 1497 Quia
1171 1458 1342 1490 amore
1383 1442 1649 1506 langueo.”
1721 1441 1795 1490 Et
1836 1448 1963 1490 tunc

370 1505 545 1554 statim
574 1507 780 1570 quando
814 1525 946 1572 aqua
978 1507 1187 1573 incipiet
1220 1508 1327 1557 fieri
1353 1509 1531 1565 calida,
1558 1509 1676 1557 satis
1701 1515 1808 1557 est:
1845 1509 1965 1573 quia

295 1591 333 1620 5⁴)
369 1573 441 1620 ita
476 1573 685 1639 incipiet
708 1591 797 1622 vos
829 1592 1000 1623 amare
1032 1576 1171 1640 quod
1196 1575 1403 1640 quando
1428 1593 1531 1624 non
1558 1576 1700 1624 videt
1725 1593 1829 1633 vos,
1855 1577 1965 1640 ipsa

368 1640 530 1689 nescit
554 1641 642 1688 ubi
668 1641 801 1690 estis,
853 1642 1141 1691 Probatum
1166 1649 1244 1690 est
1263 1660 1411 1707 saepe
1430 1649 1482 1692 et
1500 1643 1691 1692 totiens
1710 1643 1961 1707 quotiens

369 1705 443 1754 Et
468 1707 664 1756 debetis
688 1708 814 1757 mihi
841 1709 1041 1758 credere
1066 1710 1205 1773 quod
1231 1709 1329 1758 ista
1354 1710 1564 1759 scientia
1588 1717 1666 1758 est
1685 1711 1833 1759 valde
1855 1727 1963 1777 pre-

370 1774 516 1823 ciosa,
590 1775 663 1823 Et
703 1793 799 1840 ego
837 1792 939 1823 non
979 1777 1153 1824 darem
1192 1777 1335 1825 vobis
1372 1777 1467 1825 nisi
1506 1793 1730 1826 amarem
1765 1794 1856 1826 vos
1895 1778 1967 1825 ita

368 1841 787 1891 intentionaliter.
850 1842 993 1908 Ergo
1018 1860 1107 1892 vos
1132 1845 1288 1892 etiam
1315 1844 1470 1892 semel
1495 1844 1691 1893 debetis
1716 1845 1841 1893 mihi
1859 1862 1965 1909 par-

295 1926 332 1956 33
367 1908 578 1973 ticipare
613 1926 777 1958 unum
813 1917 1079 1959 secretum.
1154 1911 1228 1959 Et
1264 1910 1333 1959 sic
1363 1911 1550 1959 Valete
1589 1929 1707 1960 cum
1745 1912 1966 1959 sanitate

369 1982 547 2024 vestra.
622 1976 721 2025 Da.
750 1977 1021 2026 Romanae
1047 1977 1244 2026 Curiae.

1069 2245 1270 2293 XLIII

401 2379 464 2426 ([
523 2378 682 2425 FRA
699 2379 855 2426 TER
897 2379 1122 2426 OTHO
1156 2380 1921 2428 FLER5ZKLIRDRIUS

879 2446 958 2494 M.
1003 2446 1219 2495 Ortvino
1259 2448 1448 2496 (ἔφητὰ)

498 2578 824 2627 EVOTAM
853 2579 1156 2628 Orationem
1185 2596 1355 2629 meam
1381 2597 1472 2645 pro
1498 2581 1675 2629 salute.
1739 2581 1967 2629 Venera-

532 2645 645 2694 bilis
661 2646 754 2702 vir,
771 2652 831 2694 ut
857 2645 1073 2695 scribitis
1097 2646 1220 2694 mihi
1245 2648 1384 2710 quod
1405 2664 1581 2696 omnes
1601 2664 1692 2696 nos
1712 2647 1756 2694 T
1761 2647 1967 2712 heologi

313 2734 331 2763 5
368 2713 613 2761 debemus
642 2730 792 2779 agere
825 2714 1012 2777 gratias
1048 2714 1393 2779 omnipotenti
1430 2714 1527 2762 deo
1562 2715 1699 2778 quod
1735 2731 1969 2778 pronunc

368 2780 652 2845 'l'heologia
684 2787 761 2829 est
792 2780 866 2828 ita
898 2779 950 2829 in
983 2780 1106 2828 flore
1131 2787 1184 2828 et
1209 2787 1329 2829 sunt
1353 2781 1522 2846 plures
1547 2781 1687 2829 docti
1711 2781 1966 2846 Theologi

368 2848 419 2895 in
457 2847 695 2896 omnibus
733 2848 965 2912 partibus
1002 2847 1308 2896 Almaniae:
1368 2848 1443 2895 Et
1488 2865 1666 2897 omnes
1714 2848 1964 2905 homineS,

367 2914 561 2962 domini
598 2922 651 2963 et
687 2915 832 2970 servi,
858 2914 1054 2963 nobiles
1079 2921 1133 2962 et
1160 2914 1352 2970 rustici,
1377 2915 1574 2964 faciunt
1610 2916 1680 2964 eis
1713 2932 1964 2980 magnum

369 2982 615 3030 honorem
642 2988 885 3030 vocantes
921 2998 1006 3030 eos
1032 2981 1314 3045 Magistros
1339 2988 1541 3030 nostros
1564 2989 1775 3048 propter
1800 2983 1965 3031 excel-

297 3070 333 3099 ιο
369 3048 578 3096 lentiam
612 3055 665 3097 et
695 3049 962 3114 deponunt
986 3048 1146 3112 pileos
1171 3055 1224 3096 et
1249 3048 1425 3097 bareta
1449 3056 1569 3098 ante
1596 3066 1681 3098 eos
1707 3049 1966 3098 dicentes:

581 3136 608 3156 ³⁵
628 3140 792 3181 ('o.5·d7·iel,
812 3137 879 3174 arc.
931 3137 1143 3180 Gibberssh,
1164 3137 1249 3171 with
1269 3150 1290 3171 a
1306 3139 1518 3181 suggestion
1537 3138 1578 3172 of
1593 3138 1759 3173 Hebrew.

1130 3198 1226 3240 220
