2247 3637
217 262 270 301 11.
294 261 364 315 55]
577 249 1071 307 SYLVESTER
1124 249 1473 307 GRICIUS

217 359 394 406 favent
421 358 494 407 Io.
523 358 792 407 Reuchlin.
866 357 967 405 Sed
1003 373 1139 405 nunc
1175 356 1334 404 abivit
1362 357 1478 419 (deo
1512 357 1719 422 gratias)
1747 356 1811 404 ad

218 426 446 474 fiendum
470 426 665 482 doctor,
691 432 743 474 et
768 425 819 473 in
851 441 954 473 uno
978 441 1113 472 anno
1138 440 1241 471 non
1265 424 1366 472 fuit
1390 424 1484 472 hic.
1557 423 1811 471 Diabolus

217 491 414 541 auferat
433 509 565 541 eum.
639 492 845 541 Deinde
868 498 989 540 sunt
1011 492 1114 540 duo
1139 491 1318 539 fratres
1337 490 1646 539 Nobilitares
1668 490 1811 539 Otho

217 565 270 607 et
307 559 575 624 Philippus
621 560 684 607 de
726 559 885 614 Bock‚
921 558 1015 623 ipsi
1056 564 1247 606 vexant
1286 573 1464 606 omnes
1506 557 1809 622 Theologos.

219 625 294 674 Et
321 627 479 675 semel
515 626 566 674 in
604 626 691 674 illo
722 643 861 674 sacro
892 632 1010 673 actu
1039 642 1195 690 quem
1228 624 1458 689 magistri
1491 625 1650 672 nostri
1685 624 1810 673 cele-

219 692 495 741 braverunt
525 692 575 740 in
603 693 876 757 Maguntia
911 699 1090 741 contra
1123 691 1400 757 Speculum
1427 691 1661 747 Oculare,
1686 698 1811 739 tunc

221 760 295 808 M.
320 759 537 808 Iacobus
570 761 633 808 de
660 760 1011 808 Hochstraten
1049 777 1112 808 ex
1150 759 1317 808 officio
1351 775 1443 807 suo
1472 758 1615 807 dedit
1646 758 1811 806 indul-

217 826 416 890 gentias
441 826 678 875 omnibus
703 827 791 891 qui
815 827 1158 876 interfuerunt
1181 826 1300 875 huic
1325 825 1475 874 actui.
1555 825 1703 873 Tunc
1728 824 1812 873 isti

218 893 321 941 duo
356 893 535 942 fratres
572 910 691 941 cum
729 894 837 942 aliis
871 894 1145 942 bufonibus
1182 893 1405 942 sedendo
1443 893 1495 941 in
1535 898 1811 957 conspectu

219 959 602 1025 Theologorum
628 960 716 1024 qui
741 961 949 1010 fuerunt
979 961 1047 1009 ibi
1084 961 1136 1008 in
1171 960 1409 1026 hospitio,
1435 960 1668 1009 luserunt
1693 975 1812 1009 cum

216 1026 335 1074 talis
375 1044 467 1092 pro
509 1027 606 1075 illis
654 1028 998 1091 indulgentiis.
1084 1028 1277 1076 Adhuc
1325 1034 1403 1077 est
1441 1027 1511 1075 ibi
1553 1043 1684 1075 unus
1722 1025 1812 1091 qui

217 1100 431 1141 vocatur
459 1096 597 1142 Ioan.
627 1094 936 1143 Huttichius
961 1095 1048 1159 qui
1085 1095 1242 1143 etiam
1267 1101 1345 1143 est
1369 1094 1603 1143 inimicus
1629 1100 1808 1143 vester.

218 1160 294 1210 Et
341 1161 462 1209 alias
509 1168 586 1210 est
633 1162 842 1226 quidam
885 1162 1086 1211 noviter
1134 1169 1400 1227 promotus
1441 1162 1494 1210 in
1546 1161 1811 1210 doctorem

218 1227 271 1276 in
310 1229 445 1285 Iure,
483 1229 778 1277 nominatus
823 1229 1092 1277 Cunradus
1128 1229 1429 1294 Weydman
1459 1248 1467 1277 :
1526 1228 1633 1293 ipse
1669 1228 1811 1276 iuvat

216 1311 395 1343 omnes
419 1296 508 1360 qui
540 1295 737 1345 faciunt
769 1296 961 1360 aliquid
998 1302 1174 1344 contra
1199 1312 1301 1344 vos.
1374 1296 1448 1344 Et
1477 1295 1604 1344 alius
1629 1296 1812 1344 doctor

217 1362 305 1425 qui
348 1362 472 1410 olim
508 1363 607 1411 fuit
643 1363 848 1411 Artista
888 1364 951 1412 de
976 1362 1058 1411 via
1092 1364 1472 1418 modernorum,
1509 1368 1562 1411 et
1599 1369 1812 1411 vocatur

217 1428 518 1478 Eucharius.
615 1429 689 1478 Et
748 1446 867 1478 cum
925 1431 1022 1478 hoc
1069 1430 1315 1479 Nicolaus
1370 1430 1681 1478 Carbachius
1722 1430 1811 1494 qui

214 1495 343 1561 legit
388 1497 441 1545 in
478 1496 631 1562 poesi.
723 1497 860 1545 Item
903 1496 1196 1546 Henrichus
1237 1498 1563 1545 Brumannus
1604 1496 1693 1561 qui
1734 1503 1812 1545 est

216 1562 433 1612 vicarius
491 1565 542 1612 in
607 1581 810 1612 summo
873 1571 927 1612 et
990 1571 1069 1612 est
1127 1565 1291 1612 bonus
1353 1564 1640 1628 Organista.
1736 1563 1810 1612 Et

215 1630 330 1679 dico
389 1648 590 1697 semper
645 1631 723 1680 ei:
785 1639 814 1658 “
841 1632 948 1678 Vos
1006 1630 1259 1680 deberetis
1318 1632 1563 1696 respicere
1621 1648 1811 1696 organa

215 1704 384 1746 vestra
429 1705 483 1747 et
528 1698 787 1747 dimittere
833 1698 1126 1763 Theologos
1184 1698 1236 1746 in
1294 1698 1463 1762 pace.”
1542 1698 1643 1746 Sed
1692 1705 1810 1748 ante

216 1764 465 1814 Cononici
510 1765 614 1814 fere
662 1781 841 1814 omnes
889 1772 1009 1814 sunt
1062 1782 1154 1830 pro
1196 1765 1492 1822 Reuchlin;
1550 1771 1812 1831 praeterea

215 1832 367 1880 multi
426 1832 509 1881 alii
568 1833 800 1897 magistri
858 1833 946 1896 qui
1018 1839 1196 1881 amant
1265 1833 1531 1897 poetriam,
1591 1849 1811 1896 quorum

214 1898 424 1947 nomina
455 1916 560 1948 non
587 1906 753 1948 teneo.
827 1899 983 1948 Nunc
1019 1899 1236 1948 scribam
1260 1900 1404 1948 vobis
1433 1900 1497 1948 de
1522 1899 1723 1948 Amicis
1758 1907 1813 1949 et

213 1966 512 2016 fautoribus.
609 1968 716 2015 Vos
757 1966 954 2015 habetis
1000 1966 1082 2015 hic
1120 1984 1283 2015 unum
1323 1967 1574 2016 Amicum
1609 1967 1699 2031 qui
1734 1975 1813 2016 est

214 2033 291 2081 vir
325 2034 552 2083 multum
587 2034 869 2083 excellens:
917 2040 969 2082 et
1008 2041 1220 2083 vocatur
1257 2035 1496 2083 dominus
1533 2034 1812 2082 Adularius

216 2100 466 2150 Schwan:
508 2101 615 2167 ipse
656 2107 734 2150 est
770 2101 953 2150 nobilis
995 2107 1048 2150 et
1089 2101 1245 2150 habet
1286 2119 1450 2150 unum
1493 2101 1720 2150 Calicem
1759 2102 1812 2150 in

215 2167 427 2233 clypeo:
486 2175 631 2234 pater
672 2168 780 2218 eius
822 2168 923 2217 fuit
970 2168 1326 2233 Campanifex‚
1367 2168 1442 2217 Et
1488 2175 1566 2217 est
1613 2169 1811 2218 subtilis

214 2234 505 2300 disputator
522 2235 575 2283 in
599 2235 680 2284 via
696 2236 1054 2293 Scotistarum‚
1074 2242 1126 2284 et
1150 2235 1275 2285 facit
1299 2237 1432 2285 bona
1451 2237 1811 2301 Argumenta:

215 2308 269 2350 et
311 2302 436 2351 dicit
476 2303 617 2366 quod
658 2303 834 2352 statim
871 2303 1027 2352 vellet
1067 2303 1371 2352 concludere
1410 2304 1485 2352 Io.
1535 2303 1809 2359 Reuchlin‚

216 2369 256 2417 si
292 2369 501 2418 deberet
544 2386 663 2418 cum
699 2387 759 2419 eo
795 2370 1068 2436 disputare.
1141 2370 1295 2419 Alius
1331 2377 1409 2419 est
1440 2371 1612 2419 fautor
1645 2377 1812 2418 vester

214 2436 658 2501 singularissimuS‚
702 2438 870 2486 dictus
914 2437 1176 2486 Henricus
1217 2438 1356 2495 Han,
1391 2438 1512 2486 alias
1551 2437 1811 2485 Glocken-

213 2503 400 2561 heintz,
433 2505 555 2568 quia
589 2505 806 2554 libenter
842 2504 1170 2569 campanisat.
1237 2505 1333 2554 Ille
1369 2511 1446 2553 est
1472 2505 1626 2552 homo
1663 2504 1810 2552 valde

212 2570 523 2628 inventivus,
572 2578 625 2620 et
684 2571 839 2620 habet
897 2571 1183 2620 mirabilem
1242 2572 1580 2627 intellectum,
1629 2577 1681 2619 et
1740 2571 1811 2619 ita

210 2639 528 2702 profundum
581 2638 845 2704 ingenium
891 2640 1032 2703 quod
1084 2655 1187 2688 non
1239 2639 1456 2694 creditis,
1494 2644 1547 2686 et
1593 2638 1811 2686 libenter

212 2705 470 2769 disputat:
521 2712 575 2755 et
615 2707 821 2770 quando
857 2706 1102 2772 disputat,
1136 2713 1264 2754 tunc
1305 2706 1466 2754 ridet:
1509 2711 1562 2753 et
1598 2704 1810 2752 ridendo

212 2772 473 2821 concludit
508 2790 685 2822 unum.
759 2773 898 2822 Talis
930 2774 1137 2838 quando
1170 2774 1299 2821 vidit
1335 2772 1601 2820 Articulos
1637 2772 1811 2820 haere—

260 2887 287 2907 ’ὅ
312 2891 352 2924 de
378 2891 483 2924 Boelc.
530 2891 698 2937 Nothing
722 2892 751 2925 is
775 2891 908 2927 known
938 2892 980 2927 of
1091 2890 1119 2910 ³⁹
1144 2894 1299 2925 Euchar.
1314 2903 1326 2925 .·
1351 2891 1507 2936 perhaps
1535 2891 1649 2926 Euch.
1668 2891 1811 2926 Gallin-

212 2936 326 2971 these.
1043 2940 1154 2981 arius,
1170 2939 1297 2973 Canon
1315 2938 1358 2972 of
1369 2938 1504 2983 SpierS.

260 2982 288 3001 ³¹
314 2984 496 3018 Hutticlz..·
529 2996 556 3018 e.
595 2985 815 3019 1480—1544.
867 2985 977 3020 Anti·
1092 2985 1119 3003 ³⁹
1147 2987 1312 3019 (arbach.
1363 2986 1431 3019 See
1448 2986 1483 3019 ii.
1504 2988 1535 3020 9.

213 3030 365 3075 quarian
384 3030 517 3065 writer.
1093 3031 1120 3052 ⁴⁴
1147 3034 1252 3066 Fons
1277 3032 1334 3066 for
1351 3034 1519 3067 canonici.

260 3076 287 3095 ³⁶
322 3079 465 3120 Weyd.:
513 3078 634 3112 friend
675 3078 747 3113 and
797 3078 900 3124 pupil
941 3079 984 3113 of
1095 3078 1122 3097 ⁴⁹
1147 3080 1300 3112 Schwan.
1354 3078 1558 3114 Unkuown.

214 3124 351 3158 Zazius.
1095 3125 1123 3144 ⁶⁴
1148 3128 1242 3160 Han.
1294 3125 1500 3160 Unkuown.

974 3185 1070 3227 249

1845 509 1883 539 25

1844 844 1883 874 30

1845 1180 1883 1210 35

1846 1515 1883 1544 40

1846 1852 1884 1882 45

1846 2188 1883 2218 50

1845 2522 1883 2552 55
