2912 4368
164 704 165 707 ¹
809 744 1278 801 EPls'roLAE
1342 742 1932 800 osssoURORUM
1988 742 2397 799 VIRORUM

53 830 67 907 1
736 871 773 899 50
807 855 958 902 istam
1000 853 1234 900 iniuriam
1277 854 1395 900 dare
1433 869 1525 916 pro
1564 852 1746 916 viginti
1784 852 1996 900 florenis,
2070 852 2279 899 Dicitur
2317 852 2397 900 hic

807 921 943 984 quod
968 936 1146 968 omnes
1170 926 1350 985 poetae
1376 920 1558 967 volunt
1583 926 1714 967 stare
1740 936 1858 967 cum
1890 920 2098 966 doctore
2141 918 2397 967 Reuchlin

807 994 984 1035 contra
1008 987 1311 1051 Theologos‚
1338 993 1390 1034 et
1428 986 1566 1050 quod
1603 1003 1733 1033 unus
1769 986 1869 1033 iam
1908 985 2197 1050 composuit
2234 1002 2397 1033 unum

807 1055 992 1102 librum
1030 1055 1117 1117 qui
1155 1060 1368 1101 vocatur
1401 1053 1716 1117 Triumphus
1758 1054 2047 1117 Capnionis,
2075 1059 2126 1100 et
2169 1053 2399 1100 continet

807 1121 971 1169 multa
995 1121 1229 1169 scandala
1262 1121 1417 1168 etiam
1451 1121 1514 1168 de
1539 1120 1693 1167 vobis.
1767 1120 1986 1167 Utinam
2012 1136 2190 1167 omnes
2214 1126 2397 1184 poetae

737 1203 774 1232 55
807 1195 974 1236 essent
1022 1189 1090 1236 ibi
1138 1188 1224 1235 ubi
1263 1188 1404 1251 piper
1446 1188 1639 1243 crescit,
1682 1187 1820 1250 quod
1859 1187 2178 1235 dimitterent
2217 1203 2308 1233 nos
2347 1187 2398 1233 in

807 1272 944 1320 pace,
970 1256 1090 1318 quia
1113 1254 1404 1302 timendum
1430 1260 1506 1302 est
1531 1255 1669 1317 quod
1700 1255 1744 1301 F
1747 1253 1940 1300 acultas
1965 1254 2188 1302 artistica
2212 1254 2397 1318 peribit

807 1329 1016 1386 propter
1062 1322 1172 1369 illos
1220 1328 1427 1385 poetas;
1480 1321 1600 1385 quia
1646 1320 1739 1385 ipsi
1781 1320 1973 1375 dicunt,
2014 1322 2151 1384 quod
2193 1321 2400 1369 artistae

26 1390 55 1447 5³4
808 1390 1060 1437 seducunt
1108 1389 1332 1444 iuvenes,
1382 1395 1434 1436 et
1490 1388 1747 1452 accipiunt
1796 1388 1859 1434 ab
1908 1387 1977 1434 eis
2024 1388 2296 1452 pecuniam
2345 1394 2396 1435 et

807 1457 1003 1504 faciunt
1049 1472 1132 1503 eos
1181 1455 1532 1503 baccalaureos
1579 1461 1631 1502 et
1674 1455 1959 1518 magistros,
2001 1455 2155 1502 etiam
2195 1456 2233 1502 si
2273 1454 2397 1502 nihil

738 1539 775 1568 60
809 1524 990 1571 sciunt.
1064 1523 1136 1570 Et
1175 1523 1274 1569 iam
1307 1523 1538 1570 fecerunt
1574 1523 1713 1585 quod
1751 1521 1999 1569 scholares
2040 1538 2142 1568 non
2181 1521 2398 1586 amplius

810 1591 990 1637 volunt
1038 1590 1326 1654 promoveri
1373 1590 1425 1637 in
1464 1589 1673 1644 artibus,
1718 1589 1804 1636 sed
1852 1605 2027 1636 omnes
2072 1588 2253 1636 volunt
2294 1605 2399 1637 esse

805 1663 999 1722 poetae.
1057 1657 1173 1721 Ego
1193 1657 1354 1704 habeo
1374 1673 1536 1704 unum
1556 1656 1779 1704 amicum
1799 1656 1886 1719 qui
1906 1663 1983 1703 est
2002 1656 2164 1703 bonus
2185 1655 2395 1710 iuvenis,
2733 1713 2736 1724 ι

808 1731 860 1771 et
896 1724 1051 1771 habet
1085 1724 1343 1788 optimum
1377 1723 1656 1788 ingenium,
1683 1731 1735 1771 et
1767 1729 2001 1787 parentes
2036 1723 2111 1770 sui
2149 1723 2399 1771 miserunt
2734 1726 2737 1778 Ι

808 1808 927 1839 eum
967 1791 1030 1838 ad
1071 1791 1350 1854 Ingelstad‚
1377 1797 1429 1839 et
1463 1807 1559 1855 ego
1583 1790 1700 1838 dedi
1725 1791 1769 1838 ei
1795 1790 1988 1838 litteras
2013 1790 2397 1854 promotoriales
2734 1799 2736 1848 l

736 1873 774 1902 65
807 1858 870 1905 ad
909 1858 1165 1921 quendam
1206 1859 1510 1922 magistrum
1558 1857 1646 1921 qui
1694 1858 1822 1906 bene
1871 1864 1946 1906 est
1987 1857 2308 1920 qualificatus
2347 1857 2399 1904 in
2729 1856 2737 1955 ΙΙ

22 1954 45 2007 s
808 1924 1015 1981 artibus,
1042 1931 1093 1973 et
1118 1942 1254 1973 nunc
1278 1925 1448 1973 tendit
1479 1925 1749 1989 procedere
1773 1926 1835 1972 ad
1860 1925 2077 1988 gradum
2104 1925 2400 1972 doctoratus
2734 1927 2736 1942 ²

807 1992 857 2038 in
884 1992 1193 2055 Theologia:
1231 1999 1356 2040 tunc
1382 1994 1476 2040 iste
1501 1992 1695 2039 iuvenis
1720 1993 1924 2040 recessit
1949 1992 2012 2039 ab
2038 1992 2124 2038 illo
2154 1992 2398 2056 magistro

807 2066 859 2106 et
879 2059 1019 2107 venit
1044 2060 1106 2106 ad
1134 2060 1495 2108 Philomusum
1520 2065 1742 2122 poetam,
1760 2065 1812 2106 et
1837 2059 1982 2107 audit
2006 2059 2248 2106 lectiones
2275 2058 2395 2107 eius.

808 2126 882 2173 Et
907 2126 946 2174 si
973 2126 1212 2174 misereor
1244 2127 1379 2174 illius
1415 2126 1628 2177 iuvenis,
1656 2127 1937 2173 secundum
1975 2127 2113 2190 quod
2151 2126 2397 2190 scriptum

737 2213 773 2243 το
807 2200 884 2241 est
933 2194 1329 2241 Proverbioruin
1378 2195 1573 2241 XIX:
1635 2194 1996 2242 “Faeneratur
2049 2193 2257 2240 domino
2311 2193 2398 2257 qui

808 2261 1076 2308 miseratur
1134 2261 1366 2324 pauperis
1384 2262 1435 2316 ”3
1484 2260 1603 2324 quia
1659 2261 1698 2307 si
1746 2260 1935 2307 mansit
1982 2278 2144 2324 usque
2192 2261 2255 2307 ad
2303 2260 2398 2307 hoc

807 2334 1010 2391 tempus
1027 2328 1161 2391 apud
1186 2327 1331 2375 illum
1357 2328 1676 2392 magistrum,
1694 2334 1818 2374 tunc
1844 2327 1943 2374 iam
1965 2334 2096 2375 esset
2117 2327 2398 2374 baccalaur-

808 2395 897 2442 ius.
974 2395 1073 2442 Sed
1100 2395 1167 2442 sic
1194 2395 1318 2442 nihil
1352 2401 1442 2450 est,
1470 2394 1624 2442 etiam
1652 2394 1691 2442 si
1724 2395 1900 2442 studet
1932 2396 2109 2442 decem
2150 2411 2308 2441 annos
2347 2394 2398 2441 in

808 2462 1014 2525 poetria.
1088 2461 1204 2526 Ego
1229 2463 1330 2510 scio
1355 2462 1492 2525 quod
1523 2461 1678 2509 etiam
1704 2461 1900 2510 habetis
1934 2462 2121 2508 multas
2147 2478 2298 2508 vexas
2336 2462 2399 2508 ab

13 2539 16 2566 ¹
738 2548 773 2578 75
808 2529 914 2576 istis
935 2528 1096 2593 poetis
1123 2529 1473 2577 saecularibus.
1547 2529 1799 2584 Quamvis
1824 2529 1960 2576 enim
1988 2546 2075 2575 vos
2101 2528 2219 2576 estis
2245 2528 2398 2575 etiam

8 2570 20 2666 ll
807 2602 971 2658 poeta,
990 2603 1165 2643 tamen
1185 2613 1286 2643 non
1306 2596 1424 2644 estis
1449 2595 1564 2643 talis
1588 2602 1754 2660 poeta.
1830 2596 1929 2644 Sed
1956 2613 2043 2643 vos
2068 2596 2254 2643 tenetis
2282 2612 2397 2643 cum

8 2666 19 2710 1’
807 2662 1030 2717 ecclesia,
1058 2670 1109 2710 et
1135 2680 1252 2710 cum
1285 2664 1379 2711 hoc
1414 2663 1531 2711 estis
1568 2663 1697 2711 bene
1729 2663 1974 2711 fundatus
2011 2663 2062 2710 in
2100 2663 2394 2726 Theologia.
2729 2686 2731 2728 1

807 2729 880 2776 Et
899 2730 1103 2792 quando
1124 2730 1408 2795 compilatis
1435 2730 1672 2786 carmina,
1692 2737 1816 2778 tunc
1842 2747 1944 2777 non
1971 2736 2089 2777 sunt
2116 2731 2177 2777 de
2204 2730 2399 2777 vanita-

806 2797 959 2851 tibus,
987 2797 1073 2844 sed
1099 2798 1161 2845 de
1186 2798 1420 2845 laudibus
1446 2804 1753 2845 sanctorum.
1828 2797 2190 2845 Libentissime
2215 2797 2398 2844 vellem

737 2885 774 2914 80
809 2863 931 2910 scire
989 2865 1248 2926 quomodo
1308 2871 1464 2912 staret
1522 2864 1794 2928 negocium
1861 2864 1949 2911 illi-1
2013 2881 2129 2911 cuni
2191 2864 2399 2911 doctore

809 2930 1077 2977 Reuchlin.
1154 2931 1206 2977 Si
1227 2948 1433 2994 possum
1453 2931 1503 2978 in
1523 2931 1616 2979 hoc
1638 2931 1776 2979 utilis
1796 2948 1902 2979 esse
1924 2931 2080 2984 vobis,
2102 2937 2227 2978 tunc
2248 2931 2396 2994 signi·
2728 2958 2730 2983 r

808 2998 958 3044 ficate
982 2997 1105 3044 mihi
1131 3004 1183 3045 et
1209 2999 1357 3045 simul
1384 2998 1611 3045 scribatis
1637 2998 1760 3045 mihi
1786 2998 1969 3046 onmia.
2044 2999 2116 3045 Et
2142 2998 2337 3045 Valete.
2722 3008 2729 3057 ji

853 3099 881 3118 ⁵³
910 3101 1142 3142 Triumphus:
1180 3110 1248 3132 von
1287 3098 1460 3131 Hutten's
1498 3100 1567 3131 Tri.
1636 3111 1711 3141 sau,
1729 3112 1780 3133 we
1798 3099 1900 3133 learn
1920 3100 2001 3132 that
2022 3100 2047 3117 “
2060 3100 2162 3144 piper
2175 3100 2192 3113 '’
2206 3101 2235 3133 is
2250 3101 2397 3134 derived

809 3149 915 3190 s'alm.
956 3159 1025 3179 was
1067 3151 1133 3180 not
1172 3145 1333 3190 actually
1376 3145 1568 3189 published
1638 3147 1729 3179 from
1773 3147 1913 3190 “pyr‚'y
1960 3147 2022 3179 fire
2041 3158 2048 3182 2
2101 3147 2172 3179 and
2215 3147 2298 3181 that
2336 3148 2398 3182 the

809 3194 904 3227 until
946 3195 1047 3236 1517,
1087 3193 1203 3226 under
1241 3192 1304 3226 the
1343 3193 1567 3236 pseudonym
1638 3198 1881 3237 pepper-tree,
1920 3193 2034 3226 which
2082 3205 2198 3235 grows
2242 3206 2288 3227 on
2334 3195 2398 3229 the

808 3242 849 3274 of
879 3242 899 3258 “
917 3240 1152 3274 Eleutherius
1188 3240 1353 3283 Byzenus
1368 3239 1384 3253 ⁷³
1401 3250 1408 3277 ς
1452 3239 1517 3272 but
1550 3251 1570 3271 a
1637 3239 1757 3283 slopes
1775 3240 1816 3272 of
1831 3240 2022 3281 Caucasus,
2042 3241 2069 3272 is
2082 3241 2245 3284 guarded
2266 3241 2312 3286 by
2326 3254 2399 3275 ser—

808 3300 899 3332 copy
926 3288 996 3320 had
1021 3286 1239 3332 apparently
1267 3287 1355 3320 been
1382 3287 1505 3318 shown
1532 3290 1570 3318 to
1640 3290 1745 3331 pents
1765 3286 1844 3319 that
1864 3286 1952 3319 have
1972 3291 2009 3319 to
2029 3287 2071 3320 be
2091 3288 2215 3320 driven
2234 3300 2334 3333 away
2353 3289 2399 3325 bv

813 3335 980 3368 Erasmus
998 3346 1036 3367 as
1054 3334 1154 3378 early
1172 3346 1209 3366 as
1238 3334 1335 3367 1514.
1389 3333 1571 3366 whether
1640 3334 1702 3365 tire
1721 3345 1781 3366 ere
1800 3333 1862 3366 the
1883 3334 1972 3366 fruit
1987 3346 2052 3366 can
2073 3334 2114 3367 be
2132 3335 2321 3379 gathered.
2378 3327 2385 3333 '

808 3382 880 3414 this
899 3383 927 3414 is
946 3381 1118 3415 identical
1138 3381 1222 3414 with
1251 3380 1406 3413 another
1435 3381 1570 3413 Trium-
1686 3378 1712 3396 ⁸⁸
1743 3381 1983 3413 l’lzil0nm.s·n.5·:
2002 3383 2052 3414 i.e.
2069 3381 2228 3414 ι1116011113
2249 3382 2398 3423 Loclier,

807 3430 909 3470 phu-3,
930 3428 976 3472 by
995 3429 1021 3445 “
1037 3428 1169 3461 Accius
1188 3427 1386 3468 Ne‹›bi11s,'’
1407 3426 1569 3459 ascribed
1639 3426 1701 3459 the
1736 3426 1935 3459 translator
1966 3428 2043 3460 into
2077 3428 2179 3461 Latin
2211 3428 2332 3472 (1497)
2363 3430 2404 3462 of

810 3475 854 3519 by
872 3476 1015 3508 Mutian
1033 3480 1072 3508 to
1093 3475 1282 3514 Buschius,
1302 3476 1329 3506 is
1349 3474 1551 3507 uncertain.
1639 3473 1827 3506 Sebastian
1866 3474 2007 3506 Brant's
2042 3476 2299 3517 Narreusvhzssffi
2326 3476 2396 3509 and

855 3521 881 3539 ⁵⁵
907 3524 1004 3563 piper
1018 3534 1029 3554 .·
1057 3523 1080 3538 “
1099 3533 1150 3554 wo
1169 3522 1233 3554 der
1255 3521 1387 3554 l'feffer
1402 3520 1571 3562 wacl1st‚''
1639 3532 1823 3553 successor
1841 3525 1878 3553 to
1898 3522 2041 3554 (onrad
2062 3522 2176 3555 (eltis
2196 3524 2231 3555 in
2247 3522 2302 3555 his
2317 3534 2398 3567 pro-

811 3569 838 3600 is
885 3567 961 3601 still
1007 3580 1026 3600 a
1072 3569 1231 3602 German
1279 3567 1490 3611 equivalent
1535 3567 1576 3600 of
1639 3567 1803 3600 sessorial
1822 3567 1923 3600 chair
1937 3572 1972 3601 at
1993 3568 2208 3610 Ingolstadt.

811 3614 1033 3648 “Ji—richo*
1066 3615 1107 3647 ln
1120 3615 1182 3648 the
1205 3616 1320 3648 moal).
1340 3616 1572 3657 Brea-ilorlazw,
1686 3612 1713 3631 ⁷⁰
1740 3616 1864 3648 Pron:
1890 3616 1960 3647 xix.
1983 3616 2033 3649 17.

1566 3675 1627 3716 68
