2247 3637
258 260 403 309 11.34]
524 247 965 304 IOHANNES
1020 246 1628 305 SCHNERCKIUS

257 361 586 420 componeret
627 362 793 403 totam
837 355 1045 403 bibliam
1086 355 1311 410 metrice,
1352 355 1543 403 scilicet
1585 371 1703 402 cum
1745 353 1853 402 istis

255 423 445 471 metris.
520 422 738 470 Debetis
763 429 938 470 autem
971 422 1096 470 scire
1129 422 1384 469 novitates
1415 438 1544 485 quae
1570 428 1691 470 sunt
1724 422 1854 469 bene

255 507 348 555 pro
373 489 545 537 vobis:
584 489 821 536 videlicet
853 490 993 552 quod
1019 488 1276 537 Reuchlin
1300 505 1404 535 non
1438 495 1609 552 potest
1634 488 1853 551 amplius

255 558 327 604 ita
354 556 582 603 multum
606 556 810 603 studere
835 556 966 604 sicut
996 556 1149 621 prius,
1175 556 1295 619 quia
1327 555 1461 603 oculi
1487 555 1669 603 volunt
1693 555 1739 603 ei
1768 556 1853 603 de-

257 640 493 679 crescere,
526 623 658 670 sicut
693 623 816 670 dicit
854 623 1103 688 scriptura
1143 624 1195 670 in
1238 623 1456 671 Genesi:
1508 621 1629 669 “Et
1671 622 1853 686 caliga-

256 696 443 739 verunt
483 690 617 737 oculi
664 689 788 744 eius,
831 706 923 738 nec
966 690 1137 738 videre
1177 690 1421 754 poterat.”
1506 688 1646 745 Quia
1692 705 1854 752 nuper

257 757 399 806 venit
437 773 570 805 unus
612 756 896 805 bacularius
934 757 998 804 de
1042 757 1384 821 Stuckgardia
1419 756 1508 820 qui
1549 756 1650 803 fuit
1693 756 1761 803 ibi
1803 757 1854 803 in

256 825 412 872 domo
445 824 579 872 eius:
618 830 670 871 et
703 841 799 886 ego
830 823 928 871 feci
964 825 1108 887 quasi
1137 840 1241 871 non
1277 824 1456 872 scirem
1489 823 1553 871 de
1588 823 1857 870 inimicitia

256 898 425 939 vestra
470 907 628 955 quam
676 890 874 938 habetis
922 891 1157 947 invicem,
1202 891 1305 939 dixi
1354 891 1417 938 ad
1459 907 1609 939 eum:
1661 892 1856 937 “Bone

257 958 464 1006 domine
502 957 770 1014 bacularie‚
811 958 931 1005 Non
974 958 1202 1006 habeatis
1244 958 1370 1006 mihi
1410 975 1501 1023 pro
1539 957 1675 1004 malo
1716 958 1856 1020 quod

257 1025 515 1089 interrogo
539 1025 696 1073 vobis.
771 1025 844 1073 Et
873 1042 990 1073 cum
1022 1026 1407 1090 supportatione
1442 1041 1534 1089 pro
1569 1025 1735 1089 primo
1763 1024 1856 1072 lib-

257 1099 404 1141 enter
442 1092 627 1140 vellem
670 1091 811 1148 scire,
855 1093 945 1139 An
988 1092 1247 1140 Reuchlin
1289 1099 1366 1140 est
1415 1092 1581 1140 adhuc
1629 1091 1855 1139 sanus?”

260 1159 563 1223 Respondit,
589 1160 728 1223 quod
767 1159 854 1215 ita,
881 1159 967 1207 sed
1005 1166 1181 1208 tamen
1210 1161 1350 1223 quod
1390 1176 1492 1207 non
1524 1165 1697 1224 potest
1728 1159 1857 1206 bene

257 1226 430 1274 Videre
454 1227 560 1274 sine
586 1226 745 1274 brillo.
808 1228 956 1274 Tunc
982 1226 1081 1274 dici
1108 1235 1136 1254 ‘⁶
1153 1226 1295 1291 Ergo
1319 1243 1411 1291 pro
1435 1227 1660 1274 secundo
1679 1225 1858 1274 dicatis

258 1294 385 1341 mihi
432 1295 694 1357 quomodo
736 1301 911 1341 tamen
953 1294 1110 1342 habet
1152 1310 1204 1341 se
1250 1293 1420 1357 quoad
1464 1294 1686 1342 Causam
1727 1293 1857 1341 fidei.

258 1360 377 1426 Ego
415 1361 588 1408 audivi
626 1361 765 1424 quod
803 1360 958 1409 habet
999 1367 1161 1409 certas
1198 1361 1312 1408 lites
1349 1377 1469 1408 cum
1507 1360 1655 1408 celtis
1693 1360 1857 1408 T-heo

257 1428 414 1492 logis:
475 1429 562 1476 sed
612 1428 762 1477 credo
809 1428 949 1492 quod
995 1427 1194 1475 faciunt
1235 1427 1280 1475 ei
1322 1427 1557 1475 iniuriam
1603 1428 1710 1486 (sed
1751 1426 1858 1474 dixi

257 1495 504 1555 tronice):
552 1495 816 1559 quomodo
858 1511 977 1558 ergo
1019 1495 1174 1542 habet
1216 1511 1281 1542 se.
1367 1495 1484 1559 Ego
1526 1495 1676 1543 credo
1717 1495 1858 1558 quod

259 1579 458 1627 semper
477 1569 754 1627 componat
772 1561 964 1626 aliquid
984 1568 1162 1610 contra
1180 1562 1224 1609 Τ
1228 1561 1516 1626 heologos.”
1569 1562 1860 1626 Respondit

258 1630 372 1678 ille:
422 1637 450 1656 ‘⁶
473 1630 675 1685 Nescio,
715 1630 802 1678 sed
840 1636 1016 1677 tamen
1055 1629 1173 1677 volo
1214 1629 1380 1677 dicere
1418 1629 1563 1677 vobis
1601 1630 1725 1693 quid
1764 1646 1859 1693 ego

259 1696 364 1744 vidi
403 1697 466 1744 ab
505 1714 594 1745 eo:
636 1697 843 1760 quando
882 1696 998 1744 veni
1036 1696 1088 1743 in
1124 1696 1339 1743 domum
1376 1696 1499 1752 eius,
1536 1695 1668 1744 dixit
1703 1696 1859 1744 mihi:

261 1765 432 1812 ‘Bene
469 1763 708 1812 veneritis
745 1763 950 1811 domine
992 1763 1261 1820 bacuIarie,
1300 1763 1546 1812 sedeatis.’
1633 1763 1706 1810 Et
1753 1763 1860 1827 ipse

258 1831 439 1879 habuit
488 1831 694 1879 brillum
741 1832 792 1878 in
839 1847 962 1878 naso
1009 1838 1062 1878 et
1116 1830 1306 1878 librum
1353 1837 1474 1878 ante
1522 1846 1573 1878 se
1619 1830 1709 1894 qui
1759 1830 1860 1878 fuit

258 1898 476 1963 scriptus
512 1898 738 1954 mirifice,
773 1899 858 1945 Ita
898 1899 1036 1962 quod
1079 1898 1256 1946 statim
1292 1898 1396 1946 vidi
1437 1898 1575 1962 quod
1612 1914 1717 1945 non
1753 1904 1862 1945 erat

258 1965 532 2014 Almanice
556 1982 724 2030 neque
757 1965 1022 2014 bohemice
1047 1965 1280 2030 scriptus,
1305 1982 1473 2029 neque
1498 1965 1655 2012 etiam
1687 1965 1857 2013 latine.

260 2034 333 2081 Et
377 2033 484 2080 dixi
521 2034 567 2082 ei
605 2033 858 2097 ‘Egregie
897 2033 1106 2081 domine
1148 2033 1343 2089 doctor,
1385 2032 1646 2097 quomodo
1684 2038 1861 2080 tamen

259 2107 473 2148 vocatur
513 2100 628 2148 talis
669 2100 856 2148 liber?
947 2100 1238 2164 Respondit
1285 2100 1426 2164 quod
1465 2107 1679 2148 vocatur
1716 2099 1862 2147 Plut-

260 2167 441 2215 archus
466 2168 518 2215 in
542 2184 739 2232 graeco,
766 2174 819 2215 et
842 2173 1031 2215 tractat
1056 2168 1118 2215 de
1144 2167 1489 2231 Philosophia,
1564 2168 1712 2214 Tunc
1738 2167 1859 2222 dixi,

262 2234 470 2298 ‘legatis
511 2235 564 2282 in
611 2235 817 2283 nomine
863 2234 1088 2283 domini.’
1159 2235 1233 2283 Et
1274 2234 1343 2283 sic
1392 2235 1542 2282 credo
1584 2234 1724 2298 quod
1766 2234 1861 2281 scit

261 2308 395 2349 artes
419 2301 688 2350 mirabiles.
756 2302 905 2349 Tunc
930 2301 1035 2349 vidi
1059 2301 1219 2350 iacere
1244 2319 1408 2349 unum
1432 2319 1648 2366 parvum
1673 2301 1860 2348 librum

260 2369 461 2416 noviter
492 2369 795 2434 impressum
832 2369 925 2416 sub
953 2385 1175 2417 scamno.
1248 2369 1323 2416 Et
1355 2369 1461 2417 dixi
1494 2369 1568 2417 ei:
1606 2377 1616 2394 ‘
1639 2368 1861 2432 Egregie

262 2437 468 2484 domine
492 2436 686 2493 doctor,
713 2436 836 2500 quid
866 2436 998 2484 iacet
1025 2436 1106 2484 hic
1124 2438 1167 2485 2⁷
1238 2436 1557 2500 Respondit:
1597 2443 1607 2461 ⁶
1625 2441 1702 2483 est
1727 2450 1860 2482 unus

261 2503 388 2551 liber
412 2503 831 2551 scandalizativus
868 2520 1023 2567 quem
1047 2520 1210 2568 nuper
1244 2503 1456 2566 quidam
1489 2502 1682 2550 amicus
1714 2518 1859 2550 meus

262 2571 401 2619 misit
444 2571 569 2618 mihi
611 2588 672 2619 ex
717 2571 947 2627 Colonia,
988 2577 1040 2618 et
1082 2577 1160 2619 est
1198 2570 1415 2634 scriptus
1452 2576 1629 2617 contra
1669 2585 1768 2625 me,
1807 2574 1860 2616 et

263 2637 514 2701 Theologi
540 2638 869 2687 Colonienses
895 2644 1293 2702 composuerunt
1318 2654 1452 2693 eum,
1473 2636 1699 2684 dicentes
1723 2651 1860 2682 nunc

264 2705 402 2767 quod
451 2705 705 2753 Iohannes
753 2706 811 2753 P.
856 2705 980 2754 fecit
1026 2705 1185 2753 talem
1228 2705 1446 2752 librum.’
1532 2704 1680 2750 Tunc
1722 2702 1858 2751 dixi:

266 2770 440 2826 ‘Quid
485 2771 652 2820 facitis
704 2789 825 2837 ergo
881 2773 1134 2837 desuper?
1226 2772 1348 2818 Non
1397 2770 1550 2817 vultis
1605 2769 1860 2817 vindicare

266 2838 416 2885 vos2'
487 2839 777 2904 Respondit
814 2839 1002 2887 ‘Nullo
1039 2840 1208 2886 modo.
1277 2837 1379 2885 Sed
1415 2853 1529 2884 sum
1555 2836 1675 2884 satis
1699 2836 1858 2883 vindi-

266 2910 422 2952 catus.
495 2904 613 2969 Ego
650 2923 785 2954 nunc
820 2923 924 2954 non
960 2922 1082 2954 curo
1119 2904 1339 2969 amplius
1374 2903 1526 2951 istam
1562 2903 1859 2959 stulticiam,

266 2971 353 3018 sed
377 2971 464 3018 vix
497 2971 658 3020 habeo
691 2972 811 3021 satis
846 2973 1020 3021 oculos
1052 2973 1116 3020 ad
1149 2971 1461 3020 studendum
1491 2987 1549 3018 ea
1584 2987 1715 3034 quae
1740 2977 1860 3018 sunt

313 3081 339 3100 ²⁰
361 3085 468 3117 Gens
491 3084 600 3118 xxvii.
622 3084 650 3118 1.
1144 3083 1171 3102 ⁵⁵
1189 3094 1264 3117 nov.
1319 3085 1426 3125 impu·
1483 3084 1536 3117 τῖε.
1600 3082 1862 3118 Pfefferkorn’s

313 3129 341 3149 ⁴²
357 3134 446 3164 tron.
459 3142 471 3164 :
497 3130 575 3174 (sic)
595 3131 651 3164 for
668 3132 806 3165 ironice.
1097 3132 1272 3173 Defensio.

1028 3191 1125 3237 207

1890 374 1927 404 25

1889 708 1928 739 30

1891 1043 1929 1073 35

1895 1715 1932 1745 45

1896 2050 1934 2079 50

1895 2384 1934 2414 55

1896 2718 1934 2747 60
