2247 3637
227 259 278 296 11.
302 261 369 309 52]
524 244 1034 303 HENRICHUS
1089 242 1534 300 SCHLUNTZ

222 356 351 404 tioni
374 361 570 403 vestrae
596 355 675 402 hic
702 371 861 402 unum
885 352 1165 401 notabilem
1182 357 1234 398 et
1250 351 1474 398 multum
1491 348 1819 414 proficualem

224 423 426 471 librum.
499 421 573 469 Et
610 422 812 469 videtur
849 420 973 468 mihi
1011 419 1148 483 quod
1173 418 1289 466 talis
1314 417 1438 464 liber
1463 423 1542 464 est
1567 415 1818 481 composi-

225 497 310 538 tus
349 488 573 537 multum
623 488 965 543 artificialiter,
1012 486 1203 533 habens
1251 485 1302 532 in
1351 501 1402 532 se
1449 483 1819 547 propositiones

227 556 374 605 valde
400 555 754 619 Magistrales:
792 562 844 603 et
870 560 1082 602 vocatur
1107 561 1135 579 ‘⁶
1155 551 1429 599 Rationale
1453 550 1745 598 divinorum
1765 550 1787 564 ”
1808 566 1817 596 :

226 640 322 688 ego
358 624 458 671 emi
496 622 574 669 hic
611 623 816 685 quando
852 621 951 669 fuit
987 621 1039 668 in
1067 619 1297 667 nundina
1321 625 1374 665 et
1398 617 1503 665 dixi
1530 617 1671 664 “iste
1696 616 1821 663 liber

226 697 305 739 est
340 708 431 755 pro
468 689 722 753 Magistro
762 690 1009 736 Ortvino:
1045 687 1281 734 laudetur
1316 686 1440 733 deus
1476 685 1612 748 quod
1650 683 1819 730 inveni

226 774 360 805 eum.
434 756 572 812 Quia
621 756 737 804 volo
785 757 829 803 ei
880 755 1101 809 mittere,
1151 754 1283 802 sicut
1328 753 1434 816 ipse
1482 768 1644 814 nuper
1682 749 1821 797 misit

228 824 352 872 mihi
375 823 563 871 librum
604 824 844 870 Iohannis
883 821 1203 870 Pfefferkorn
1239 819 1325 884 qui
1351 818 1644 867 intitulatur
1669 825 1695 843 ‘⁶
1714 818 1819 864 De-

226 891 388 939 fensio
439 892 511 938 Io.
564 890 887 938 Pfefferkorn
935 895 1112 936 contra
1164 887 1452 942 Famosas‚'’
1503 901 1658 949 quem
1705 883 1822 931 talis

225 958 301 1006 vir
339 957 627 1022 composuit
668 956 1068 1005 intentionaliter
1108 954 1450 1003 defensorium
1482 953 1663 1000 Sacrae
1704 950 1822 998 fidei

226 1024 522 1073 Catholicae
539 1031 716 1072 contra
737 1025 1022 1072 Iohannem
1043 1021 1298 1070 Reuchlin
1315 1027 1367 1069 et
1383 1035 1636 1083 sequaces,
1654 1018 1822 1065 dando

226 1093 298 1140 eis
323 1093 479 1140 bonas
517 1109 781 1140 scommas.
857 1091 956 1138 Sed
986 1089 1200 1155 possetis
1229 1089 1422 1136 dicere:
1462 1095 1490 1114 ‘⁶
1509 1088 1683 1143 Quare
1706 1084 1822 1133 talis

228 1159 390 1207 mittit
450 1159 575 1207 mihi
632 1160 790 1207 talem
838 1159 1059 1206 librum?
1154 1156 1331 1204 Credit
1378 1154 1516 1218 quod
1563 1169 1667 1200 non
1715 1158 1823 1200 met

228 1227 390 1274 habeo
426 1226 578 1274 libros
616 1227 735 1274 satis
756 1226 811 1273 ἴθ’
884 1224 1194 1288 Respondeo
1223 1223 1361 1286 quod
1391 1239 1494 1269 non
1519 1220 1648 1268 facio
1674 1236 1822 1284 prop-

226 1301 379 1343 terea.
453 1294 526 1341 Et
551 1294 756 1357 quando
776 1293 968 1357 putatis
993 1291 1133 1354 quod
1157 1290 1271 1337 misi
1287 1290 1430 1337 vobis
1454 1288 1612 1336 talem
1636 1287 1824 1334 librum

228 1368 510 1426 propterea,
558 1368 683 1409 tunc
731 1360 898 1408 facitis
946 1358 1069 1406 mihi
1111 1356 1365 1413 iniuriam,
1407 1355 1526 1420 quia
1566 1354 1663 1402 feci
1706 1370 1823 1402 cum

227 1430 360 1477 bona
399 1428 651 1493 opinione.
724 1427 800 1475 Et
835 1443 938 1474 non
980 1426 1177 1474 debetis
1226 1424 1427 1472 credere
1475 1422 1612 1486 quod
1661 1420 1823 1485 parvi-

226 1496 395 1560 pendo
421 1513 525 1552 vos,
553 1495 691 1560 quod
721 1494 948 1542 habeatis
979 1508 1167 1557 paucos
1192 1492 1346 1539 libros
1367 1508 1376 1539 ε
1413 1491 1532 1554 quia
1557 1489 1660 1537 scio
1685 1487 1823 1551 quod

228 1563 422 1611 habetis
464 1563 656 1610 multos
694 1561 860 1609 libros.
934 1559 1072 1617 Quia
1113 1558 1217 1607 vidi
1256 1558 1384 1606 bene
1420 1556 1626 1620 quando
1661 1555 1737 1602 fui
1772 1554 1824 1602 in
1860 1597 1876 1605 μ

228 1631 384 1679 stuffa
430 1637 598 1678 vestra
647 1627 904 1684 Coloniae,
953 1627 1092 1690 quod
1139 1625 1387 1673 habuistis
1434 1623 1625 1670 multos
1672 1621 1824 1669 libros

227 1697 280 1746 in
316 1714 505 1762 magna
540 1704 592 1745 et
628 1696 679 1744 in
715 1712 870 1761 parva
905 1694 1084 1742 forma.
1158 1693 1232 1740 Et
1269 1691 1424 1756 aliqui
1448 1691 1657 1738 fuerunt
1681 1688 1825 1753 ligati

228 1765 280 1812 in
306 1765 570 1819 asseribus,
597 1763 752 1828 aliqui
778 1763 830 1810 in
854 1761 1260 1826 bergamenibus.
1334 1759 1410 1806 Et
1435 1757 1591 1821 aliqui
1616 1757 1826 1804 fuerunt

226 1849 316 1897 per
351 1838 525 1879 totum
565 1848 683 1879 cum
723 1830 889 1877 Coreo
930 1828 1089 1877 rubeo
1128 1834 1180 1876 et
1217 1826 1363 1875 viridi
1394 1832 1446 1873 et
1481 1825 1644 1889 nigro,
1671 1822 1827 1886 aliqui

226 1915 318 1964 pro
356 1898 569 1946 dimidio
609 1896 924 1963 supertracti.
1015 1895 1089 1943 Et
1136 1912 1226 1944 vos
1268 1893 1468 1942 sedistis
1509 1892 1700 1939 habens
1739 1890 1826 1937 fla-

228 1967 420 2015 bellum
446 1966 497 2013 in
523 1982 679 2014 manu
704 1965 768 2012 ad
794 1964 1123 2029 purgandum
1148 1962 1382 2028 pulveres
1408 1959 1606 2008 abinde.
1679 1959 1828 2005 Tunc

228 2050 324 2099 ego
371 2034 479 2081 dixi
528 2042 556 2060 ‘⁴
580 2033 833 2097 Magister
882 2031 1116 2087 Ortvine,
1171 2031 1274 2077 Vos
1322 2045 1411 2094 per
1458 2027 1581 2075 deos
1629 2024 1828 2073 habetis

228 2101 420 2149 multos
445 2100 683 2165 pulchros
713 2099 866 2147 libros
896 2106 949 2146 et
977 2097 1166 2146 tenetis
1196 2113 1282 2145 eos
1306 2095 1358 2144 in
1383 2111 1572 2158 magno
1590 2091 1829 2141 honore.”

229 2169 377 2216 Tunc
403 2168 601 2215 dixistis
631 2166 773 2222 mihi,
799 2166 938 2230 quod
973 2165 1047 2213 ita
1082 2165 1244 2213 debeo
1281 2178 1587 2228 cognoscere
1622 2160 1828 2224 quando

228 2235 408 2299 aliquis
445 2241 522 2282 est
558 2235 740 2282 doctus
777 2233 859 2281 vel
899 2250 1016 2281 non.
1090 2232 1230 2288 Quia
1276 2231 1364 2295 qui
1405 2229 1623 2277 honorat
1658 2227 1827 2283 libros,

228 2303 444 2350 honorat
483 2302 638 2349 etiam
682 2301 928 2349 scientias.
1000 2299 1075 2347 Et
1114 2305 1290 2347 contra
1330 2297 1418 2361 qui
1465 2313 1570 2344 non
1612 2295 1828 2342 honorat

228 2369 396 2426 libros,
423 2369 577 2417 etiam
604 2385 708 2417 non
745 2369 962 2416 honorat
997 2366 1244 2415 scientias.
1318 2365 1391 2412 Et
1420 2363 1564 2412 tenui
1589 2362 1641 2409 in
1678 2361 1828 2409 corde

274 2503 286 2522 ⁷
302 2505 537 2548 profit-ualent.
587 2505 663 2538 Not
697 2505 733 2537 in
766 2504 823 2538 Du
854 2505 992 2548 sange,
1061 2513 1099 2536 as
1117 2514 1137 2535 a
1154 2506 1288 2536 neuter
1305 2502 1342 2534 in
1359 2500 1425 2534 the
1441 2499 1525 2534 title
1543 2499 1584 2533 of
1604 2498 1668 2532 the
1693 2497 1826 2531 second

229 2552 296 2586 but
314 2553 340 2569 “
353 2552 724 2597 proficuus=utilis.'’
1062 2549 1201 2583 edition
1220 2549 1261 2583 of
1274 2547 1342 2582 vol.
1367 2548 1401 2581 ii.
1421 2547 1462 2582 of
1475 2547 1539 2580 the
1557 2546 1597 2580 E.
1618 2545 1661 2579 O.
1682 2544 1723 2579 V.

1111 2595 1137 2614 26
1293 2598 1298 2603 ⁴
1351 2607 1357 2614 .

276 2625 303 2645 ³⁰
313 2628 514 2661 Rationale:
525 2627 589 2661 the
601 2628 785 2660 Rationale
794 2627 995 2660 divinornm
1155 2598 1252 2630 malt*
1275 2598 1330 2629 Μ’
1345 2622 1352 2629 ”
1362 2615 1403 2620 -

228 2673 687 2716 qffieiorumoquillaume
700 2672 996 2716 Dura11d(1237—
1064 2672 1091 2689 “
1109 2671 1264 2705 AEdibus
1290 2671 1327 2703 in
1357 2670 1492 2704 nostris
1520 2667 1699 2701 librorum
1729 2665 1829 2700 culta

231 2719 349 2764 1296),
370 2721 436 2766 Bp.
458 2721 498 2754 of
517 2721 662 2755 Mende.
714 2721 750 2754 It
767 2732 838 2754 was
863 2732 933 2754 one
958 2720 999 2754 of
1157 2717 1364 2763 suppellex,

229 2767 293 2802 the
311 2768 391 2801 first
407 2768 553 2812 printed
573 2767 686 2802 books
705 2767 854 2811 (Mainz‚
876 2767 994 2810 1459),
1112 2765 1274 2806 Eminet,
1296 2769 1333 2798 et
1356 2763 1494 2797 chartis
1519 2762 1602 2794 vivo
1629 2764 1828 2795 contentus

229 2814 302 2848 aud
320 2815 350 2848 is
367 2825 388 2847 a
404 2814 505 2847 work
523 2815 565 2848 of
576 2819 682 2860 great
703 2816 931 2860 importance
957 2815 994 2848 in
1157 2813 1294 2857 opertis

228 2860 417 2906 liturgical
434 2861 588 2906 history.
640 2863 665 2878 “
680 2862 728 2896 Le
746 2862 893 2896 dernier
917 2866 996 2895 mot
1111 2859 1211 2903 Quas
1237 2858 1341 2892 video
1367 2857 1553 2901 ignorans,
1577 2855 1683 2898 juvat
1707 2858 1745 2888 et
1770 2865 1828 2889 me

230 2909 279 2942 du
314 2919 447 2952 moyen
479 2910 546 2953 age
574 2920 637 2942 sur
666 2907 701 2941 la
732 2910 914 2953 mystique
944 2909 992 2941 du
1158 2906 1261 2951 copia
1279 2903 1389 2938 sola.''

229 2954 329 2990 culte
354 2954 488 2988 divin.”
537 2956 604 2989 See
629 2954 683 2988 Ul.
705 2954 910 2998 Chevalier,
929 2955 994 2988 Re‘-
1408 2950 1638 2991 —b'tultzfhra
1655 2949 1778 2982 Naris.

227 3004 379 3045 pei-taire
422 3004 480 3035 des
523 3013 662 3036 sources
703 3003 910 3045 historiques
946 3004 994 3035 (lu

232 3060 349 3092 moyen
367 3049 438 3091 1596,
458 3048 557 3082 1883,
1111 3025 1137 3044 ²⁵
1155 3026 1420 3068 beryameuihus.
1463 3023 1539 3057 Not
1552 3023 1589 3056 iu
1604 3022 1664 3056 Du
1680 3021 1803 3067 Cauge
1819 3032 1828 3063 ;

1064 3074 1187 3107 Germ.
1211 3072 1318 3116 (obs.)
1332 3082 1529 3114 mmanoen.

279 3121 304 3141 ¹⁸
321 3135 511 3157 &commas-s
530 3123 698 3166 (σκῶμμα)
711 3121 892 3168 (τοιὙθοῖΙγ
908 3122 993 3157 used
1112 3119 1139 3138 ²⁹
1159 3122 1234 3153 Car.
1248 3131 1259 3152 .·
1285 3119 1342 3152 for
1359 3121 1461 3152 corio.
1509 3114 1512 3117 ’

994 3183 1091 3224 243

1855 568 1891 597 κ]

1856 907 1894 936 15

1859 1241 1897 1270 20

1863 1909 1900 1939 30

1863 2251 1901 2280 35
