2247 3637
196 243 225 282 1.
250 244 318 294 46]
553 233 925 291 IOANNES
979 233 1469 291 CURRIFICIS

194 358 370 389 omnes
401 343 634 391 doctores
665 343 976 406 Theologiae
1013 349 1090 390 est
1127 359 1259 389 unus
1296 343 1376 389 hic
1412 344 1500 406 qui
1537 350 1615 390 est
1650 360 1790 408 prae-

193 409 390 457 dicator
421 409 704 464 nobiscum,
730 416 782 458 et
807 410 960 458 habet
983 409 1214 457 tubalem
1240 426 1435 465 vocem,
1462 410 1581 457 licet
1605 427 1790 474 parvus

194 476 260 523 sit
282 494 291 524 :
323 476 468 524 illum
494 477 712 524 audiunt
736 477 966 525 homines
990 477 1208 524 libenter
1226 476 1514 540 praedicare
1539 484 1592 524 et
1610 483 1792 524 tenent
1825 493 1863 522 25

194 543 383 606 aliquid
414 544 476 591 de
501 561 576 599 eo,
603 545 722 607 quia
747 561 835 609 per
867 545 1023 591 deum
1054 543 1159 608 ipse
1189 550 1267 591 est
1299 543 1498 599 doctus,
1532 550 1585 592 et
1609 544 1790 592 doctus

194 610 245 657 in
271 610 596 673 superlativo,
623 612 737 658 dico
763 611 920 666 vobis,
948 618 999 658 et
1030 610 1181 658 multi
1210 610 1441 657 homines
1466 611 1659 658 intrant
1684 611 1790 659 eius

192 677 607 741 praedicationes,
633 677 754 741 quia
776 678 881 742 ipse
906 684 983 725 est
1007 677 1320 726 delectabilis
1344 684 1396 725 et
1420 677 1608 725 lacerat
1632 678 1792 725 bonos

193 759 367 808 possos
392 744 444 791 in
476 745 695 792 ambone
720 744 825 792 sive
858 745 1106 793 cancellis.
1180 745 1297 808 Ego
1330 744 1500 793 audivi
1530 744 1687 792 semel
1728 745 1791 792 ab

193 827 254 858 eo
290 826 353 858 ex
389 810 528 858 libris
566 811 917 859 posteriorum
953 813 1016 860 de
1052 812 1366 877 quaestione,
1399 812 1519 875 quia
1553 818 1631 860 est
1667 812 1792 875 quid

193 883 286 933 est,
336 878 375 925 si
422 884 515 934 est,
564 885 617 926 et
664 885 870 943 propter
915 879 1039 942 quid
1086 885 1179 935 est,
1228 885 1280 927 et
1328 879 1493 927 omnis
1546 878 1693 927 scivit
1740 879 1791 926 in

191 944 492 993 theutonice
523 945 702 994 dicere.
777 947 1048 994 Praeterea
1077 946 1232 994 semel
1260 946 1572 1010 praedicavit
1602 946 1665 994 de
1695 945 1791 992 vir-

192 1010 424 1075 ginitate,
467 1018 520 1060 et
567 1012 692 1060 dicit
739 1013 878 1076 quod
920 1014 1138 1077 virgines
1185 1013 1273 1077 qui
1319 1013 1598 1061 amiserunt
1646 1029 1791 1060 suam

194 1078 558 1142 virginitatem,
586 1080 750 1128 solent
776 1080 942 1127 dicere
965 1080 1105 1143 quod
1139 1080 1203 1128 sit
1228 1080 1298 1128 eis
1330 1097 1419 1145 per
1444 1080 1549 1128 vim
1577 1080 1788 1128 facturn.

194 1146 343 1193 Tunc
368 1145 475 1211 ipse
499 1147 630 1195 dixit
652 1165 661 1195 ι
701 1156 729 1174 “
752 1148 892 1195 Bene
916 1147 1172 1202 veneritis,
1198 1164 1288 1212 per
1314 1148 1418 1194 vim
1444 1147 1560 1211 Ego
1585 1164 1790 1211 quaero,

194 1213 233 1260 si
289 1229 421 1261 unus
473 1214 681 1262 haberet
733 1215 934 1262 nudum
985 1214 1216 1278 gladium
1272 1215 1323 1262 in
1375 1231 1477 1262 una
1530 1231 1687 1262 manu
1740 1221 1791 1262 et

195 1280 432 1343 vaginam
484 1282 536 1329 in
585 1282 696 1328 alia.
745 1288 798 1329 et
850 1282 956 1346 ipse
1008 1297 1206 1346 sempe1
1258 1288 1488 1329 moveret
1535 1282 1789 1357 vaginam,

192 1364 362 1395 nonne
410 1354 487 1395 θεῖ
533 1348 606 1396 ita
654 1349 793 1412 quod
846 1349 952 1412 ipse
999 1365 1103 1396 non
1155 1355 1327 1413 posset
1379 1348 1611 1413 gladium
1659 1349 1792 1396 intra

193 1414 489 1463 stimulare:
544 1415 613 1464 sic
665 1416 821 1463 etiam
873 1421 951 1463 est
1002 1415 1053 1462 in
1105 1415 1432 1490 virginibusf
1520 1416 1792 1463 Praeterea

193 1482 351 1530 semel
402 1481 454 1529 in
501 1498 636 1530 novo
684 1498 817 1530 anno
865 1482 1072 1545 quando
1123 1483 1403 1545 unicuique
1454 1488 1594 1530 statu
1647 1482 1791 1531 dedit

192 1565 387 1597 novum
413 1565 622 1605 annum,
647 1555 773 1597 tunc
799 1549 942 1596 dedit
966 1549 1294 1597 studentibus
1318 1550 1371 1597 in
1405 1549 1590 1597 Tribus
1618 1551 1790 1597 Bursis

194 1616 335 1680 (quia
381 1616 462 1664 hic
510 1623 632 1664 sunt
678 1615 910 1664 moderni
957 1623 1009 1664 et
1059 1617 1297 1680 antiqui),
1346 1617 1602 1664 modernis
1649 1617 1792 1665 dedit

194 1683 493 1739 Saturnum,
542 1691 595 1732 et
645 1683 718 1731 ita
769 1683 1036 1747 exposuit:
1091 1683 1396 1732 “Saturnus
1448 1690 1526 1732 est
1576 1683 1791 1748 frigidus

190 1751 414 1816 planeta,
440 1757 494 1799 et
525 1751 609 1798 ille
641 1751 771 1799 bene
808 1751 1050 1798 convenit
1085 1751 1356 1807 modernis,
1387 1752 1507 1814 quia
1539 1751 1633 1815 ipsi
1669 1758 1790 1798 sunt

188 1817 360 1883 frigidi
393 1819 614 1875 artistae,
644 1817 764 1882 quia
792 1835 896 1866 non
926 1824 1130 1866 servant
1164 1818 1413 1866 Sanctum
1448 1819 1704 1866 Thomam
1738 1825 1791 1866 et

192 1885 446 1950 Copulata
478 1891 530 1933 et
563 1886 935 1950 Reparationes
968 1885 1252 1933 secundum
1284 1902 1577 1950 processum
1610 1886 1791 1934 bursae

190 1953 381 2000 montis
422 1952 474 2000 in
518 1953 783 2001 Colonia.”
872 1952 972 2000 Sed
1015 1952 1294 2000 Thomistis
1336 1953 1479 2001 dedit
1520 1970 1612 2018 pro
1654 1970 1791 2001 novo

190 2036 324 2067 anno
350 2036 515 2068 unum
540 2037 758 2084 puerum
787 2020 877 2083 qui
902 2020 1145 2068 dormivit
1177 2020 1313 2084 apud
1340 2021 1521 2068 Iovem
1558 2026 1609 2068 et
1647 2037 1790 2068 voca-

189 2093 276 2134 tur
301 2087 627 2135 Ganimedes.
702 2087 797 2135 Ille
821 2088 1040 2150 quadrat
1076 2087 1305 2143 realistis,
1330 2088 1451 2151 quia
1478 2088 1791 2136 Ganimedes

190 2155 428 2220 propinat
469 2155 581 2202 Iovi
620 2154 798 2202 vinum
840 2161 894 2202 et
935 2154 1228 2203 cerevisiam
1270 2161 1322 2203 et
1363 2155 1568 2202 dulcem
1605 2162 1789 2219 potum

191 2222 254 2269 de
290 2221 532 2279 lacaritio‚
568 2238 726 2285 quam
761 2221 1027 2269 historiam
1062 2222 1400 2285 pulcherrime
1436 2222 1790 2287 interpretavit

192 2289 528 2337 Torrentinus
559 2289 611 2336 in
634 2289 801 2353 primo
829 2288 958 2336 libro
983 2289 1259 2337 Aeneidos.
1335 2289 1418 2337 Sic
1448 2289 1604 2338 etiam
1633 2289 1789 2337 reales

191 2356 472 2404 infundunt
497 2356 567 2404 eis
600 2362 732 2404 artes
757 2362 810 2403 et
842 2356 1092 2412 scientias,
1118 2363 1171 2404 et
1204 2356 1371 2404 multa
1395 2356 1641 2420 arguitur.
1715 2356 1788 2403 Et

190 2423 356 2471 multa
401 2424 498 2471 alia
538 2422 872 2479 delectabilia,
915 2430 975 2471 ut
1016 2440 1150 2471 unus
1192 2430 1362 2488 posset
1404 2425 1597 2471 mirare.
1671 2423 1788 2487 Ego

191 2491 341 2539 credo
396 2491 535 2554 quod
587 2490 744 2538 iacuit
794 2490 984 2538 multas
1035 2497 1226 2546 noctes,
1280 2497 1332 2539 et
1388 2508 1491 2538 non
1547 2490 1788 2537 dormivit

189 2558 395 2621 quando
419 2557 505 2605 illa
529 2559 601 2606 ita
621 2557 876 2606 subtiliter
893 2564 946 2606 et
963 2558 1302 2622 pulcherrime
1327 2558 1622 2622 speculavit.
1686 2557 1787 2605 Sed

191 2631 311 2672 sunt
358 2624 510 2672 multi
552 2625 642 2689 qui
689 2624 869 2672 dicunt
915 2625 1055 2689 quod
1103 2626 1168 2673 sit
1214 2625 1448 2673 frascaria
1495 2624 1634 2687 quod
1680 2624 1787 2688 ipse

191 2691 460 2754 praedicat,
487 2698 540 2741 et
575 2697 762 2740 vocant
791 2709 910 2740 eum
947 2700 974 2718 ‘⁶
998 2692 1348 2749 Quacculator
1367 2693 1389 2709 ”
1427 2698 1479 2739 et
1517 2700 1544 2718 ‘⁶
1568 2692 1787 2739 Ioannes

239 2826 266 2844 ³⁰
291 2839 333 2861 em
349 2830 403 2861 lib.
429 2831 520 2863 Post.
533 2841 545 2863 :
570 2829 699 2872 Arist„
719 2831 846 2873 Analy.
869 2832 954 2864 Pos-
1068 2829 1096 2847 ⁵¹
1122 2831 1280 2863 (avaritia
1294 2842 1305 2863 :
1325 2830 1352 2847 “
1366 2829 1552 2873 licorice,''
1571 2830 1628 2864 for
1646 2836 1783 2865 nectar.

191 2876 334 2938 tergora,
354 2876 390 2910 ii
410 2876 438 2908 l.
1068 2876 1098 2896 ⁵²
1126 2878 1310 2911 Torrent.:
1344 2877 1537 2910 Hermann
1570 2889 1639 2911 van
1675 2878 1786 2920 Beek,

254 2920 352 2964 4per
412 2924 503 2956 vim:
598 2923 742 2957 Sancho
804 2924 953 2957 Panza's
1022 2923 1064 2956 of
1078 2922 1202 2965 Zwoll,
1223 2935 1293 2957 one
1312 2924 1353 2956 of
1374 2924 1438 2957 the
1458 2924 1642 2958 Brethren
1662 2926 1703 2958 of
1723 2926 1787 2959 the

187 2967 386 3012 judgment
427 2980 510 3013 may
551 2969 595 3003 be
636 2969 805 3004 recalled.
873 2973 952 3004 sz
1024 2970 1201 3003 Common
1237 2970 1340 3011 Life;
1374 2982 1394 3003 a
1429 2970 1706 3005 Commentator
1740 2985 1787 3006 011

195 3016 351 3057 Qnimte
372 3014 460 3049 Part
479 3016 525 3048 11.
534 3015 666 3060 ,chap.
686 3016 759 3050 xlv.
1023 3016 1280 3058 virgil—but
1327 3022 1394 3050 not
1434 3029 1480 3050 on
1522 3018 1587 3052 the
1627 3019 1785 3061 AEneid3

239 3060 267 3078 ⁴¹²
294 3064 379 3095 mod.
415 3066 447 3095 et
480 3041 575 3096 αιιῖ..
613 3063 809 3097 nominalis
812 3068 846 3097 ts
878 3064 951 3097 and
1023 3064 1169 3097 neither
1195 3064 1224 3097 is
1249 3063 1463 3108 Ganymede
1489 3065 1652 3100 referred
1680 3070 1719 3100 to
1750 3068 1787 3100 in

192 3108 343 3142 realists.
1023 3110 1079 3143 his
1097 3112 1341 3144 Elueidariwn
1360 3112 1551 3145 Poeticum.

941 3171 1035 3212 115

1827 826 1864 854 30

1826 1159 1865 1189 35

1827 1494 1864 1523 40

1827 1827 1865 1857 45

1827 2169 1864 2198 50

1824 2503 1862 2532 55
