2247 3637
267 286 319 323 11.
344 286 411 335 62]
634 275 821 331 MAG
835 275 1016 330 ISTE
1025 275 1078 330 R
1134 274 1506 331 GRATIUS

266 384 410 432 aliter
434 384 635 440 habere,
660 391 712 431 et
737 401 858 447 ergo
883 400 987 432 non
1012 389 1183 448 potest
1211 383 1520 447 dispensatio
1547 383 1660 430 filiis
1685 399 1863 431 eorum

266 452 554 515 profice1·e.'’
624 452 773 498 Tunc
810 468 907 515 ego
944 452 1129 499 iterum
1167 450 1477 514 interrogavi
1515 451 1700 506 “Quid
1743 466 1864 514 ergo

267 535 432 566 servas
479 519 543 566 de
591 518 825 566 Domino
876 519 1103 565 Iohanne
1152 517 1521 565 Pfefferkorn.''
1592 518 1741 565 Tunc
1789 533 1863 564 re-

268 584 612 651 spo[n]dendo
659 585 790 632 dixit
839 586 1004 649 “Ego
1052 585 1266 632 firmiter
1312 591 1464 632 teneo
1512 585 1650 647 quod
1698 584 1864 631 adhuc

265 659 343 700 est
384 652 648 707 Iudaeus‚''
690 658 741 699 et
785 652 1103 716 Replicando
1145 651 1473 716 allegationes
1515 668 1664 715 supra
1701 657 1865 698 tactas

266 719 507 783 allegavit
533 720 689 767 etiam
724 719 1047 783 evangelium
1084 719 1315 767 Mathaei
1349 719 1430 782 .iij.
1471 719 1557 766 ubi
1594 724 1698 766 stat
1725 717 1865 765 ‘Nisi

266 787 379 850 quis
415 793 621 834 renatus
654 786 807 833 fuerit
841 803 904 833 ex
937 803 1068 850 aqua
1100 793 1154 834 et
1187 786 1384 851 spiritu,
1411 802 1514 834 non
1550 785 1762 833 intrabit
1802 785 1865 832 In

266 854 430 901 vitam
466 853 756 901 aeternam.'
829 853 930 900 Sed
965 854 1084 917 quia
1117 853 1440 902 Pfefferkorn
1472 869 1740 916 nunquam
1764 852 1866 900 fuit

266 926 474 968 renatus
499 937 563 969 ex
589 920 786 984 spiritu,
813 919 955 984 Ergo
981 921 1066 968 illa
1090 938 1222 984 aqua
1247 921 1373 968 nihil
1398 920 1628 985 profecit,
1647 921 1734 968 sed
1759 919 1865 983 ipse

267 987 496 1035 manebit
534 988 757 1035 Iudaeus
794 988 845 1034 in
882 989 1192 1036 aeternum.''
1262 988 1412 1036 Tunc
1448 1004 1545 1052 ego
1580 1004 1684 1035 non
1720 986 1866 1051 potui

267 1055 313 1102 ei
355 1055 492 1102 ultra
533 1055 854 1119 respondere,
891 1061 942 1103 et
991 1055 1317 1110 surreximus,
1362 1055 1479 1119 Ego
1527 1061 1579 1103 et
1627 1055 1866 1102 dominus

269 1122 469 1177 Petrus,
496 1128 548 1169 et
572 1122 758 1170 ivimus
790 1122 1087 1170 dormitum.
1161 1122 1316 1170 Nunc
1350 1129 1524 1170 autem
1558 1122 1709 1169 audio
1739 1138 1864 1184 quo-

267 1190 424 1237 modo
449 1189 545 1237 iste
578 1206 801 1253 nequam
833 1189 1082 1253 gloriatur
1111 1190 1249 1253 quod
1274 1206 1365 1237 nos
1391 1189 1700 1254 disputando
1727 1188 1865 1244 vicit,

267 1262 320 1304 et
368 1256 507 1320 quod
555 1257 619 1304 sit
666 1256 865 1305 doctior
915 1273 1072 1321 quam
1125 1273 1221 1320 ego
1270 1263 1322 1305 et
1369 1256 1609 1304 dominus
1664 1257 1864 1303 Petrus.

269 1323 446 1379 Quare
504 1340 593 1372 oro
649 1331 870 1372 vestram
936 1323 1345 1371 dominationem
1405 1330 1464 1372 ut
1516 1323 1683 1371 velitis
1742 1321 1868 1370 mihi

266 1391 540 1439 rescribere
586 1391 848 1454 quomodo
895 1407 992 1456 ego
1047 1391 1263 1438 debeam
1316 1391 1402 1438 illa
1456 1396 1760 1454 argumenta
1805 1390 1869 1438 de

265 1458 659 1523 dispensatione,
694 1458 927 1506 similiter
959 1459 1023 1505 de
1055 1458 1365 1522 baptismate
1398 1457 1593 1505 domini
1626 1457 1868 1505 Iohannis

265 1526 404 1589 pfeff.
433 1526 642 1583 solvere,
668 1532 721 1574 et
745 1525 817 1573 illi
842 1525 1081 1573 leccatori
1114 1526 1177 1572 ad
1204 1541 1354 1572 suum
1380 1531 1604 1572 rostrum
1629 1525 1865 1588 adligare.

267 1592 426 1649 Quod
453 1593 569 1641 volo
593 1610 682 1658 per
707 1609 916 1641 0111116111
941 1592 1104 1640 vitam
1128 1608 1430 1656 promerere.
1493 1591 1692 1640 Valete.

969 1892 1141 1939 LXII

266 2037 330 2085 ΕΙΣ
356 2036 475 2083 MA
488 2036 538 2084 G
546 2036 584 2083 Ι
582 2036 626 2083 S
631 2036 786 2083 TER
815 2036 976 2083 GRA
993 2036 1081 2083 TI
1088 2035 1181 2083 US
1199 2035 1435 2084 Ziscmz'ae
1449 2035 1766 2099 Eoetszator
1784 2033 1871 2084 lcoc

434 2109 504 2151 est
534 2102 727 2167 furum
775 2119 1041 2167 suspensor
1082 2103 1405 2167 proditorum
1453 2100 1870 2167 quadrwlicator

418 2169 762 2234 falsariorum
808 2177 854 2219 et
902 2169 1317 2218 ealunmzz‘atorwn
1373 2170 1605 2234 vhgator
1658 2169 1867 2218 haereti-

434 2254 602 2285 corum
642 2236 918 2285 combustor
955 2243 1002 2286 et
1040 2236 1195 2284 multa
1232 2236 1334 2284 alia
1364 2237 1624 2301 Illagistro
1654 2237 1868 2285 Ortvz'no

434 2303 682 2352 (cvmzculo
709 2310 933 2353 materno
957 2302 1118 2352 salut?
1142 2305 1214 2352 D.
1243 2304 1306 2352 P.

379 2446 808 2494 HARISSIME
857 2447 1110 2495 avuncule
1156 2463 1250 2495 nec
1301 2463 1405 2494 non
1452 2446 1868 2494 reverendissime

409 2513 617 2562 domine
664 2514 928 2578 Magister.
1025 2513 1164 2570 Quia
1221 2513 1323 2561 iam
1382 2520 1503 2561 sunt
1550 2512 1702 2561 multi
1748 2512 1867 2560 anni

266 2582 422 2647 elapsi
470 2588 522 2630 et
569 2597 674 2629 non
722 2581 943 2630 vidimus
990 2597 1083 2629 nos
1141 2581 1377 2637 invicem,
1427 2579 1667 2644 Cogitavi
1724 2580 1865 2643 quod

267 2648 463 2697 bonurn
529 2655 677 2706 esset,
736 2649 877 2712 quod
936 2648 1080 2697 vobis
1138 2664 1296 2696 unam
1348 2648 1575 2695 litteram
1634 2646 1861 2694 scribere.

267 2715 445 2764 Audio
487 2716 623 2764 enim
665 2716 831 2763 multa
868 2715 1117 2763 mirabilia
1155 2716 1218 2763 de
1261 2715 1420 2771 vobis,
1458 2713 1718 2778 quomodo
1757 2712 1864 2762 sitis

267 2798 485 2846 magnae
509 2783 692 2839 famae,
718 2782 791 2831 Et
817 2783 998 2831 dicunt
1021 2782 1161 2847 quod
1186 2782 1288 2830 iam
1308 2782 1428 2830 estis
1447 2781 1683 2829 omnibus
1707 2781 1864 2828 etiam

267 2849 590 2897 mediocriter
631 2850 794 2898 doctis
837 2856 1006 2906 notus,
1049 2866 1154 2897 non
1201 2849 1367 2897 solum
1408 2848 1460 2895 in
1504 2847 1732 2903 Colonia,
1775 2848 1863 2896 sed

265 2917 424 2965 etiam
482 2915 617 2964 ultra
674 2917 856 2965 Albim
915 2924 968 2965 et
1028 2917 1291 2972 Rhenum,
1339 2922 1392 2963 et
1450 2914 1606 2962 etiam
1653 2914 1706 2962 in
1750 2920 1865 2963 tota

313 3049 341 3069 ⁸⁰
366 3052 547 3085 Mathaei:
571 3050 673 3085 John
700 3052 748 3084 iii.
768 3053 800 3085 5.
853 3053 872 3067 “
887 3051 964 3085 Nisi
991 3076 999 3086 .
1027 3078 1035 3087 .
1063 3077 1071 3086 .
1099 3052 1229 3097 spiritu
1248 3054 1386 3094 sancto,
1406 3061 1479 3083 non
1506 3054 1629 3094 potest
1652 3050 1806 3085 introire
1825 3050 1863 3083 iu

266 3109 423 3142 regnum
443 3097 545 3132 Dei.''
601 3099 698 3141 Vuly.

314 3144 326 3164 ⁵
352 3147 550 3179 ‹wzmeul0.·
575 3145 738 3190 nepheW.

1041 3206 1133 3247 261

1901 402 1938 432 75

1900 735 1938 765 80

1901 1069 1939 1099 85

1903 1404 1940 1434 90

1904 2315 1922 2345 5

1900 2725 1938 2755 10
