<?xml version="1.0" encoding="UTF-8"?>
<!DOCTYPE html PUBLIC "-//W3C//DTD XHTML 1.0 Transitional//EN"
    "http://www.w3.org/TR/xhtml1/DTD/xhtml1-transitional.dtd">
<html xmlns="http://www.w3.org/1999/xhtml" xml:lang="en" lang="en">
 <head>
  <title>
</title>
<meta http-equiv="Content-Type" content="text/html;charset=utf-8" />
  <meta name='ocr-system' content='tesseract 3.04.00' />
  <meta name='ocr-capabilities' content='ocr_page ocr_carea ocr_par ocr_line ocrx_word'/>
</head>
<body>
  <div class='ocr_page' id='page_1' title='image "./epistolaeobscuro00huttuoft_0405.png"; bbox 0 0 2247 3637; ppageno 0'>
   <div class='ocr_carea' id='block_1_1' title="bbox 271 272 1789 336">
    <p class='ocr_par' dir='ltr' id='par_1_1' title="bbox 271 272 1789 336">
     <span class='ocr_line' id='line_1_1' title="bbox 271 272 1789 336; baseline 0.002 -13"><span class='ocrx_word' id='word_1_1' title='bbox 271 287 325 326; x_wconf 88' lang='lat'>11.</span> <span class='ocrx_word' id='word_1_2' title='bbox 348 286 416 336; x_wconf 83' lang='grc'>63]</span> <span class='ocrx_word' id='word_1_3' title='bbox 512 275 882 331; x_wconf 77' lang='lat' dir='ltr'>lOANNEs</span> <span class='ocrx_word' id='word_1_4' title='bbox 938 274 1051 329; x_wconf 87' lang='lat' dir='ltr'>DE</span> <span class='ocrx_word' id='word_1_5' title='bbox 1111 272 1789 330; x_wconf 64' lang='lat' dir='ltr'>SCHWINFQRDIA</span> 
     </span>
    </p>
   </div>
   <div class='ocr_carea' id='block_1_2' title="bbox 271 379 1882 2594">
    <p class='ocr_par' dir='ltr' id='par_1_2' title="bbox 271 379 1882 2594">
     <span class='ocr_line' id='line_1_2' title="bbox 271 379 1865 443; baseline -0.004 -11"><span class='ocrx_word' id='word_1_6' title='bbox 271 385 365 432; x_wconf 90' lang='lat' dir='ltr'>scis</span> <span class='ocrx_word' id='word_1_7' title='bbox 391 385 533 431; x_wconf 86' lang='lat' dir='ltr'>bene.</span> <span class='ocrx_word' id='word_1_8' title='bbox 608 383 784 430; x_wconf 87' lang='lat' dir='ltr'>Etiam</span> <span class='ocrx_word' id='word_1_9' title='bbox 823 399 927 429; x_wconf 88' lang='lat' dir='ltr'>non</span> <span class='ocrx_word' id='word_1_10' title='bbox 964 382 1180 428; x_wconf 86' lang='lat' dir='ltr'>audiunt</span> <span class='ocrx_word' id='word_1_11' title='bbox 1207 381 1612 443; x_wconf 83' lang='lat' dir='ltr'>Consequentias</span> <span class='ocrx_word' id='word_1_12' title='bbox 1652 379 1865 427; x_wconf 80' lang='lat' dir='ltr'>Marsilii</span> 
     </span>
     <span class='ocr_line' id='line_1_3' title="bbox 271 447 1865 516; baseline -0.004 -17"><span class='ocrx_word' id='word_1_13' title='bbox 271 469 439 516; x_wconf 86' lang='lat' dir='ltr'>neque</span> <span class='ocrx_word' id='word_1_14' title='bbox 476 450 863 515; x_wconf 89' lang='lat' dir='ltr'>Suppositiones</span> <span class='ocrx_word' id='word_1_15' title='bbox 899 455 989 496; x_wconf 82' lang='lat' dir='ltr'>aut</span> <span class='ocrx_word' id='word_1_16' title='bbox 1025 465 1184 512; x_wconf 86' lang='lat' dir='ltr'>praua</span> <span class='ocrx_word' id='word_1_17' title='bbox 1216 449 1428 510; x_wconf 83' lang='lat' dir='ltr'>[Parva]</span> <span class='ocrx_word' id='word_1_18' title='bbox 1453 447 1714 509; x_wconf 68' lang='lat' dir='ltr'>logicalia:</span> <span class='ocrx_word' id='word_1_19' title='bbox 1752 447 1865 493; x_wconf 90' lang='lat' dir='ltr'>ideo</span> 
     </span>
     <span class='ocr_line' id='line_1_4' title="bbox 271 514 1867 582; baseline -0.004 -16"><span class='ocrx_word' id='word_1_20' title='bbox 271 536 375 567; x_wconf 90' lang='lat' dir='ltr'>non</span> <span class='ocrx_word' id='word_1_21' title='bbox 401 525 476 566; x_wconf 86' lang='lat' dir='ltr'>est</span> <span class='ocrx_word' id='word_1_22' title='bbox 501 517 738 582; x_wconf 90' lang='lat' dir='ltr'>possibile</span> <span class='ocrx_word' id='word_1_23' title='bbox 764 517 901 581; x_wconf 89' lang='lat' dir='ltr'>quod</span> <span class='ocrx_word' id='word_1_24' title='bbox 931 523 1145 580; x_wconf 77' lang='lat' dir='ltr'>possunt</span> <span class='ocrx_word' id='word_1_25' title='bbox 1165 531 1274 562; x_wconf 89' lang='lat' dir='ltr'>esse</span> <span class='ocrx_word' id='word_1_26' title='bbox 1291 514 1530 561; x_wconf 80' lang='lat' dir='ltr'>formales</span> <span class='ocrx_word' id='word_1_27' title='bbox 1550 520 1602 561; x_wconf 92' lang='lat' dir='ltr'>et</span> <span class='ocrx_word' id='word_1_28' title='bbox 1628 530 1867 578; x_wconf 88' lang='lat' dir='ltr'>apparere</span> 
     </span>
     <span class='ocr_line' id='line_1_5' title="bbox 271 581 1868 649; baseline -0.004 -16"><span class='ocrx_word' id='word_1_29' title='bbox 271 586 321 633; x_wconf 92' lang='lat' dir='ltr'>in</span> <span class='ocrx_word' id='word_1_30' title='bbox 348 584 793 649; x_wconf 78' lang='lat' dir='ltr'>disputationibus.</span> <span class='ocrx_word' id='word_1_31' title='bbox 869 583 970 631; x_wconf 86' lang='lat' dir='ltr'>Sed</span> <span class='ocrx_word' id='word_1_32' title='bbox 1006 582 1331 630; x_wconf 82' lang='lat' dir='ltr'>dimittamus</span> <span class='ocrx_word' id='word_1_33' title='bbox 1367 582 1491 628; x_wconf 87' lang='lat' dir='ltr'>ista:</span> <span class='ocrx_word' id='word_1_34' title='bbox 1529 581 1691 628; x_wconf 90' lang='lat' dir='ltr'>scribo</span> <span class='ocrx_word' id='word_1_35' title='bbox 1724 581 1868 628; x_wconf 86' lang='lat' dir='ltr'>vobis</span> 
     </span>
     <span class='ocr_line' id='line_1_6' title="bbox 272 647 1868 717; baseline -0.004 -17"><span class='ocrx_word' id='word_1_36' title='bbox 272 670 363 717; x_wconf 89' lang='lat' dir='ltr'>pro</span> <span class='ocrx_word' id='word_1_37' title='bbox 389 652 704 700; x_wconf 79' lang='lat' dir='ltr'>novitatibus</span> <span class='ocrx_word' id='word_1_38' title='bbox 730 651 867 715; x_wconf 89' lang='lat' dir='ltr'>quod</span> <span class='ocrx_word' id='word_1_39' title='bbox 893 649 1112 697; x_wconf 89' lang='lat' dir='ltr'>Iacobus</span> <span class='ocrx_word' id='word_1_40' title='bbox 1135 650 1204 695; x_wconf 87' lang='lat' dir='ltr'>W</span> <span class='ocrx_word' id='word_1_41' title='bbox 1212 648 1574 714; x_wconf 84' lang='lat' dir='ltr'>imphelingius</span> <span class='ocrx_word' id='word_1_42' title='bbox 1598 647 1686 710; x_wconf 91' lang='lat' dir='ltr'>qui</span> <span class='ocrx_word' id='word_1_43' title='bbox 1711 647 1868 695; x_wconf 89' lang='lat' dir='ltr'>etiam</span> 
     </span>
     <span class='ocr_line' id='line_1_7' title="bbox 272 715 1870 779; baseline -0.004 -11"><span class='ocrx_word' id='word_1_44' title='bbox 272 726 351 769; x_wconf 87' lang='lat' dir='ltr'>est</span> <span class='ocrx_word' id='word_1_45' title='bbox 409 719 608 766; x_wconf 87' lang='lat' dir='ltr'>medius</span> <span class='ocrx_word' id='word_1_46' title='bbox 668 717 1039 773; x_wconf 83' lang='lat' dir='ltr'>Reuchlinista‚</span> <span class='ocrx_word' id='word_1_47' title='bbox 1082 717 1282 764; x_wconf 80' lang='lat' dir='ltr'>realiter</span> <span class='ocrx_word' id='word_1_48' title='bbox 1329 722 1407 764; x_wconf 90' lang='lat' dir='ltr'>est</span> <span class='ocrx_word' id='word_1_49' title='bbox 1449 715 1721 779; x_wconf 84' lang='lat' dir='ltr'>expeditus</span> <span class='ocrx_word' id='word_1_50' title='bbox 1780 731 1870 778; x_wconf 90' lang='lat' dir='ltr'>per</span> 
     </span>
     <span class='ocr_line' id='line_1_8' title="bbox 272 781 1871 851; baseline -0.003 -18"><span class='ocrx_word' id='word_1_51' title='bbox 272 786 531 851; x_wconf 85' lang='lat' dir='ltr'>quendam</span> <span class='ocrx_word' id='word_1_52' title='bbox 579 786 891 833; x_wconf 84' lang='lat' dir='ltr'>monachum</span> <span class='ocrx_word' id='word_1_53' title='bbox 940 783 1163 831; x_wconf 90' lang='lat' dir='ltr'>Paulum</span> <span class='ocrx_word' id='word_1_54' title='bbox 1212 783 1490 847; x_wconf 84' lang='lat' dir='ltr'>Langium,</span> <span class='ocrx_word' id='word_1_55' title='bbox 1533 782 1621 846; x_wconf 87' lang='lat' dir='ltr'>qui</span> <span class='ocrx_word' id='word_1_56' title='bbox 1669 781 1871 829; x_wconf 82' lang='lat' dir='ltr'>realiter</span> 
     </span>
     <span class='ocr_line' id='line_1_9' title="bbox 274 848 1870 915; baseline -0.004 -14"><span class='ocrx_word' id='word_1_57' title='bbox 274 853 420 901; x_wconf 86' lang='lat' dir='ltr'>scivit</span> <span class='ocrx_word' id='word_1_58' title='bbox 457 852 551 900; x_wconf 90' lang='lat' dir='ltr'>sibi</span> <span class='ocrx_word' id='word_1_59' title='bbox 587 852 754 900; x_wconf 79' lang='lat' dir='ltr'>dicere</span> <span class='ocrx_word' id='word_1_60' title='bbox 788 852 927 915; x_wconf 87' lang='lat' dir='ltr'>quod</span> <span class='ocrx_word' id='word_1_61' title='bbox 963 868 1067 898; x_wconf 87' lang='lat' dir='ltr'>non</span> <span class='ocrx_word' id='word_1_62' title='bbox 1103 857 1240 898; x_wconf 85' lang='lat' dir='ltr'>recte</span> <span class='ocrx_word' id='word_1_63' title='bbox 1275 850 1472 914; x_wconf 87' lang='lat' dir='ltr'>scripsit</span> <span class='ocrx_word' id='word_1_64' title='bbox 1508 849 1560 897; x_wconf 89' lang='lat' dir='ltr'>in</span> <span class='ocrx_word' id='word_1_65' title='bbox 1596 865 1701 897; x_wconf 92' lang='lat' dir='ltr'>uno</span> <span class='ocrx_word' id='word_1_66' title='bbox 1742 848 1870 895; x_wconf 88' lang='lat' dir='ltr'>libro</span> 
     </span>
     <span class='ocr_line' id='line_1_10' title="bbox 273 916 1871 984; baseline -0.003 -16"><span class='ocrx_word' id='word_1_67' title='bbox 273 921 363 984; x_wconf 92' lang='lat' dir='ltr'>qui</span> <span class='ocrx_word' id='word_1_68' title='bbox 398 926 613 967; x_wconf 87' lang='lat' dir='ltr'>vocatur</span> <span class='ocrx_word' id='word_1_69' title='bbox 639 920 771 966; x_wconf 83' lang='lat' dir='ltr'>“De</span> <span class='ocrx_word' id='word_1_70' title='bbox 807 919 1103 983; x_wconf 81' lang='lat' dir='ltr'>integritate</span> <span class='ocrx_word' id='word_1_71' title='bbox 1120 919 1175 967; x_wconf 87' lang='lat'>&#39;’:</span> <span class='ocrx_word' id='word_1_72' title='bbox 1207 917 1446 965; x_wconf 87' lang='lat' dir='ltr'>videlicet</span> <span class='ocrx_word' id='word_1_73' title='bbox 1481 916 1620 980; x_wconf 91' lang='lat' dir='ltr'>quod</span> <span class='ocrx_word' id='word_1_74' title='bbox 1657 916 1871 964; x_wconf 87' lang='lat' dir='ltr'>scientia</span> 
     </span>
     <span class='ocr_line' id='line_1_11' title="bbox 275 983 1869 1036; baseline -0.004 0"><span class='ocrx_word' id='word_1_75' title='bbox 275 1004 379 1036; x_wconf 92' lang='lat' dir='ltr'>non</span> <span class='ocrx_word' id='word_1_76' title='bbox 425 993 632 1035; x_wconf 88' lang='lat' dir='ltr'>tantum</span> <span class='ocrx_word' id='word_1_77' title='bbox 682 993 813 1034; x_wconf 89' lang='lat' dir='ltr'>esset</span> <span class='ocrx_word' id='word_1_78' title='bbox 861 986 913 1034; x_wconf 91' lang='lat' dir='ltr'>in</span> <span class='ocrx_word' id='word_1_79' title='bbox 964 985 1175 1033; x_wconf 89' lang='lat' dir='ltr'>cuculla.</span> <span class='ocrx_word' id='word_1_80' title='bbox 1270 985 1410 1032; x_wconf 90' lang='lat' dir='ltr'>Nam</span> <span class='ocrx_word' id='word_1_81' title='bbox 1457 984 1541 1031; x_wconf 92' lang='lat' dir='ltr'>ille</span> <span class='ocrx_word' id='word_1_82' title='bbox 1588 983 1869 1031; x_wconf 89' lang='lat' dir='ltr'>monachus</span> 
     </span>
     <span class='ocr_line' id='line_1_12' title="bbox 276 1051 1871 1118; baseline -0.003 -16"><span class='ocrx_word' id='word_1_83' title='bbox 276 1054 567 1118; x_wconf 82' lang='lat' dir='ltr'>composuit</span> <span class='ocrx_word' id='word_1_84' title='bbox 602 1053 760 1101; x_wconf 87' lang='lat' dir='ltr'>alium</span> <span class='ocrx_word' id='word_1_85' title='bbox 797 1053 984 1101; x_wconf 89' lang='lat' dir='ltr'>librum</span> <span class='ocrx_word' id='word_1_86' title='bbox 1022 1059 1214 1107; x_wconf 89' lang='lat' dir='ltr'>contra,</span> <span class='ocrx_word' id='word_1_87' title='bbox 1241 1052 1329 1116; x_wconf 91' lang='lat' dir='ltr'>qui</span> <span class='ocrx_word' id='word_1_88' title='bbox 1354 1057 1430 1099; x_wconf 91' lang='lat' dir='ltr'>est</span> <span class='ocrx_word' id='word_1_89' title='bbox 1468 1051 1781 1115; x_wconf 89' lang='lat' dir='ltr'>apprpbatus</span> <span class='ocrx_word' id='word_1_90' title='bbox 1819 1051 1871 1097; x_wconf 93' lang='lat' dir='ltr'>in</span> 
     </span>
     <span class='ocr_line' id='line_1_13' title="bbox 277 1116 1874 1186; baseline -0.003 -16"><span class='ocrx_word' id='word_1_91' title='bbox 277 1121 519 1186; x_wconf 89' lang='lat' dir='ltr'>Capitulo</span> <span class='ocrx_word' id='word_1_92' title='bbox 556 1121 661 1169; x_wconf 84' lang='lat' dir='ltr'>sive</span> <span class='ocrx_word' id='word_1_93' title='bbox 698 1120 876 1168; x_wconf 89' lang='lat' dir='ltr'>sinodo</span> <span class='ocrx_word' id='word_1_94' title='bbox 919 1118 1441 1167; x_wconf 87' lang='lat' dir='ltr'>Reinhartzbornensi</span> <span class='ocrx_word' id='word_1_95' title='bbox 1478 1118 1666 1166; x_wconf 89' lang='lat' dir='ltr'>ordinis</span> <span class='ocrx_word' id='word_1_96' title='bbox 1710 1116 1874 1166; x_wconf 88' lang='lat' dir='ltr'>sancti</span> 
     </span>
     <span class='ocr_line' id='line_1_14' title="bbox 278 1185 1872 1244; baseline -0.003 -8"><span class='ocrx_word' id='word_1_97' title='bbox 278 1188 561 1244; x_wconf 81' lang='lat' dir='ltr'>Benedicti,</span> <span class='ocrx_word' id='word_1_98' title='bbox 588 1189 749 1236; x_wconf 82' lang='lat' dir='ltr'>Anno</span> <span class='ocrx_word' id='word_1_99' title='bbox 779 1187 975 1235; x_wconf 89' lang='lat' dir='ltr'>domini</span> <span class='ocrx_word' id='word_1_100' title='bbox 1001 1193 1163 1234; x_wconf 84' lang='lat'>.1509.</span> <span class='ocrx_word' id='word_1_101' title='bbox 1191 1193 1244 1234; x_wconf 91' lang='lat' dir='ltr'>et</span> <span class='ocrx_word' id='word_1_102' title='bbox 1281 1193 1357 1234; x_wconf 89' lang='lat' dir='ltr'>est</span> <span class='ocrx_word' id='word_1_103' title='bbox 1394 1187 1589 1233; x_wconf 90' lang='lat' dir='ltr'>bonum</span> <span class='ocrx_word' id='word_1_104' title='bbox 1620 1185 1872 1232; x_wconf 87' lang='lat' dir='ltr'>latinum:</span> 
     </span>
     <span class='ocr_line' id='line_1_15' title="bbox 277 1251 1874 1320; baseline -0.003 -16"><span class='ocrx_word' id='word_1_105' title='bbox 277 1257 396 1320; x_wconf 92' lang='lat' dir='ltr'>quia</span> <span class='ocrx_word' id='word_1_106' title='bbox 443 1272 575 1303; x_wconf 87' lang='lat' dir='ltr'>unus</span> <span class='ocrx_word' id='word_1_107' title='bbox 622 1255 754 1303; x_wconf 80' lang='lat' dir='ltr'>dixit</span> <span class='ocrx_word' id='word_1_108' title='bbox 801 1255 939 1319; x_wconf 89' lang='lat' dir='ltr'>quod</span> <span class='ocrx_word' id='word_1_109' title='bbox 987 1260 1118 1302; x_wconf 87' lang='lat' dir='ltr'>esset</span> <span class='ocrx_word' id='word_1_110' title='bbox 1165 1254 1326 1302; x_wconf 81' lang='lat' dir='ltr'>ferme</span> <span class='ocrx_word' id='word_1_111' title='bbox 1379 1254 1451 1301; x_wconf 89' lang='lat' dir='ltr'>ita</span> <span class='ocrx_word' id='word_1_112' title='bbox 1499 1253 1693 1299; x_wconf 89' lang='lat' dir='ltr'>bonum</span> <span class='ocrx_word' id='word_1_113' title='bbox 1742 1251 1874 1300; x_wconf 88' lang='lat' dir='ltr'>sicut</span> 
     </span>
     <span class='ocr_line' id='line_1_16' title="bbox 278 1318 1874 1385; baseline -0.003 -14"><span class='ocrx_word' id='word_1_114' title='bbox 278 1323 581 1372; x_wconf 89' lang='lat' dir='ltr'>Doctrinale</span> <span class='ocrx_word' id='word_1_115' title='bbox 623 1322 938 1371; x_wconf 84' lang='lat' dir='ltr'>Alexandri:</span> <span class='ocrx_word' id='word_1_116' title='bbox 992 1328 1046 1369; x_wconf 90' lang='lat' dir='ltr'>et</span> <span class='ocrx_word' id='word_1_117' title='bbox 1086 1338 1181 1385; x_wconf 81' lang='lat' dir='ltr'>ego</span> <span class='ocrx_word' id='word_1_118' title='bbox 1223 1321 1450 1369; x_wconf 89' lang='lat' dir='ltr'>multum</span> <span class='ocrx_word' id='word_1_119' title='bbox 1491 1320 1693 1384; x_wconf 86' lang='lat' dir='ltr'>gaudeo</span> <span class='ocrx_word' id='word_1_120' title='bbox 1734 1318 1874 1383; x_wconf 91' lang='lat' dir='ltr'>quod</span> 
     </span>
     <span class='ocr_line' id='line_1_17' title="bbox 276 1386 1876 1450; baseline -0.003 -11"><span class='ocrx_word' id='word_1_121' title='bbox 276 1397 424 1440; x_wconf 88' lang='lat' dir='ltr'>tanta</span> <span class='ocrx_word' id='word_1_122' title='bbox 471 1390 698 1438; x_wconf 90' lang='lat' dir='ltr'>latinitas</span> <span class='ocrx_word' id='word_1_123' title='bbox 739 1389 895 1437; x_wconf 84' lang='lat' dir='ltr'>etiam</span> <span class='ocrx_word' id='word_1_124' title='bbox 943 1389 1203 1436; x_wconf 87' lang='lat' dir='ltr'>invenitur</span> <span class='ocrx_word' id='word_1_125' title='bbox 1249 1389 1302 1435; x_wconf 92' lang='lat' dir='ltr'>in</span> <span class='ocrx_word' id='word_1_126' title='bbox 1348 1388 1640 1435; x_wconf 90' lang='lat' dir='ltr'>monachis:</span> <span class='ocrx_word' id='word_1_127' title='bbox 1689 1393 1740 1435; x_wconf 85' lang='lat' dir='ltr'>et</span> <span class='ocrx_word' id='word_1_128' title='bbox 1781 1386 1876 1450; x_wconf 90' lang='lat' dir='ltr'>ipsi</span> 
     </span>
     <span class='ocr_line' id='line_1_18' title="bbox 278 1453 1876 1520; baseline -0.004 -13"><span class='ocrx_word' id='word_1_129' title='bbox 278 1458 436 1507; x_wconf 86' lang='lat' dir='ltr'>etiam</span> <span class='ocrx_word' id='word_1_130' title='bbox 473 1458 655 1506; x_wconf 90' lang='lat' dir='ltr'>dicunt</span> <span class='ocrx_word' id='word_1_131' title='bbox 690 1457 829 1520; x_wconf 89' lang='lat' dir='ltr'>quod</span> <span class='ocrx_word' id='word_1_132' title='bbox 873 1456 1327 1520; x_wconf 85' lang='lat' dir='ltr'>superexcellescat</span> <span class='ocrx_word' id='word_1_133' title='bbox 1373 1454 1550 1502; x_wconf 90' lang='lat' dir='ltr'>stilum</span> <span class='ocrx_word' id='word_1_134' title='bbox 1588 1453 1876 1502; x_wconf 81' lang='lat' dir='ltr'>Ciceronis:</span> 
     </span>
     <span class='ocr_line' id='line_1_19' title="bbox 280 1520 1873 1589; baseline -0.003 -16"><span class='ocrx_word' id='word_1_135' title='bbox 280 1526 368 1573; x_wconf 89' lang='lat' dir='ltr'>sed</span> <span class='ocrx_word' id='word_1_136' title='bbox 415 1541 511 1589; x_wconf 84' lang='lat' dir='ltr'>ego</span> <span class='ocrx_word' id='word_1_137' title='bbox 560 1525 655 1572; x_wconf 93' lang='lat' dir='ltr'>hoc</span> <span class='ocrx_word' id='word_1_138' title='bbox 704 1541 806 1572; x_wconf 87' lang='lat' dir='ltr'>non</span> <span class='ocrx_word' id='word_1_139' title='bbox 845 1523 1049 1578; x_wconf 88' lang='lat' dir='ltr'>credidi,</span> <span class='ocrx_word' id='word_1_140' title='bbox 1091 1522 1231 1586; x_wconf 89' lang='lat' dir='ltr'>quod</span> <span class='ocrx_word' id='word_1_141' title='bbox 1278 1529 1355 1570; x_wconf 88' lang='lat' dir='ltr'>est</span> <span class='ocrx_word' id='word_1_142' title='bbox 1396 1538 1499 1569; x_wconf 84' lang='lat' dir='ltr'>una</span> <span class='ocrx_word' id='word_1_143' title='bbox 1540 1528 1665 1569; x_wconf 89' lang='lat' dir='ltr'>nota</span> <span class='ocrx_word' id='word_1_144' title='bbox 1707 1520 1873 1569; x_wconf 88' lang='lat' dir='ltr'>altius.</span> 
     </span>
     <span class='ocr_line' id='line_1_20' title="bbox 282 1588 1876 1658; baseline -0.003 -18"><span class='ocrx_word' id='word_1_145' title='bbox 282 1593 384 1641; x_wconf 91' lang='lat' dir='ltr'>Sed</span> <span class='ocrx_word' id='word_1_146' title='bbox 425 1591 658 1658; x_wconf 88' lang='lat' dir='ltr'>procedit</span> <span class='ocrx_word' id='word_1_147' title='bbox 698 1591 1048 1639; x_wconf 88' lang='lat' dir='ltr'>doctrinaliter</span> <span class='ocrx_word' id='word_1_148' title='bbox 1089 1590 1317 1637; x_wconf 89' lang='lat' dir='ltr'>multum</span> <span class='ocrx_word' id='word_1_149' title='bbox 1361 1595 1539 1636; x_wconf 88' lang='lat' dir='ltr'>contra</span> <span class='ocrx_word' id='word_1_150' title='bbox 1579 1588 1876 1652; x_wconf 79' lang='lat' dir='ltr'>Wimphel-</span> 
     </span>
     <span class='ocr_line' id='line_1_21' title="bbox 280 1655 1876 1724; baseline -0.004 -16"><span class='ocrx_word' id='word_1_151' title='bbox 280 1660 480 1724; x_wconf 83' lang='lat' dir='ltr'>ingium</span> <span class='ocrx_word' id='word_1_152' title='bbox 527 1658 754 1714; x_wconf 86' lang='lat' dir='ltr'>metrice,</span> <span class='ocrx_word' id='word_1_153' title='bbox 795 1659 1022 1723; x_wconf 87' lang='lat' dir='ltr'>prosaice</span> <span class='ocrx_word' id='word_1_154' title='bbox 1063 1663 1115 1704; x_wconf 91' lang='lat' dir='ltr'>et</span> <span class='ocrx_word' id='word_1_155' title='bbox 1161 1657 1457 1720; x_wconf 85' lang='lat' dir='ltr'>rigmatice:</span> <span class='ocrx_word' id='word_1_156' title='bbox 1512 1662 1565 1703; x_wconf 92' lang='lat' dir='ltr'>et</span> <span class='ocrx_word' id='word_1_157' title='bbox 1607 1655 1739 1703; x_wconf 88' lang='lat' dir='ltr'>sicut</span> <span class='ocrx_word' id='word_1_158' title='bbox 1780 1672 1876 1719; x_wconf 85' lang='lat' dir='ltr'>ego</span> 
     </span>
     <span class='ocr_line' id='line_1_22' title="bbox 280 1723 1876 1791; baseline -0.004 -16"><span class='ocrx_word' id='word_1_159' title='bbox 280 1734 426 1791; x_wconf 89' lang='lat' dir='ltr'>puto,</span> <span class='ocrx_word' id='word_1_160' title='bbox 463 1733 600 1774; x_wconf 87' lang='lat' dir='ltr'>recte</span> <span class='ocrx_word' id='word_1_161' title='bbox 635 1726 807 1782; x_wconf 88' lang='lat' dir='ltr'>habet,</span> <span class='ocrx_word' id='word_1_162' title='bbox 844 1725 983 1789; x_wconf 89' lang='lat' dir='ltr'>quod</span> <span class='ocrx_word' id='word_1_163' title='bbox 1019 1724 1186 1771; x_wconf 89' lang='lat' dir='ltr'>omnis</span> <span class='ocrx_word' id='word_1_164' title='bbox 1223 1723 1436 1772; x_wconf 86' lang='lat' dir='ltr'>scientia</span> <span class='ocrx_word' id='word_1_165' title='bbox 1461 1729 1538 1771; x_wconf 88' lang='lat' dir='ltr'>est</span> <span class='ocrx_word' id='word_1_166' title='bbox 1574 1723 1626 1770; x_wconf 93' lang='lat' dir='ltr'>in</span> <span class='ocrx_word' id='word_1_167' title='bbox 1663 1723 1876 1778; x_wconf 85' lang='lat' dir='ltr'>cuculla,</span> 
     </span>
     <span class='ocr_line' id='line_1_23' title="bbox 280 1789 1878 1856; baseline -0.004 -13"><span class='ocrx_word' id='word_1_168' title='bbox 280 1794 332 1842; x_wconf 89' lang='lat' dir='ltr'>id</span> <span class='ocrx_word' id='word_1_169' title='bbox 375 1801 452 1843; x_wconf 89' lang='lat' dir='ltr'>est</span> <span class='ocrx_word' id='word_1_170' title='bbox 492 1794 545 1841; x_wconf 92' lang='lat' dir='ltr'>in</span> <span class='ocrx_word' id='word_1_171' title='bbox 587 1793 879 1841; x_wconf 89' lang='lat' dir='ltr'>monachis:</span> <span class='ocrx_word' id='word_1_172' title='bbox 928 1791 1048 1856; x_wconf 89' lang='lat' dir='ltr'>quia</span> <span class='ocrx_word' id='word_1_173' title='bbox 1088 1791 1402 1839; x_wconf 89' lang='lat' dir='ltr'>transeundo</span> <span class='ocrx_word' id='word_1_174' title='bbox 1443 1791 1507 1838; x_wconf 88' lang='lat' dir='ltr'>de</span> <span class='ocrx_word' id='word_1_175' title='bbox 1550 1789 1773 1838; x_wconf 84' lang='lat' dir='ltr'>inferiori</span> <span class='ocrx_word' id='word_1_176' title='bbox 1814 1790 1878 1837; x_wconf 87' lang='lat' dir='ltr'>ad</span> 
     </span>
     <span class='ocr_line' id='line_1_24' title="bbox 280 1856 1880 1927; baseline -0.003 -18"><span class='ocrx_word' id='word_1_177' title='bbox 280 1861 510 1927; x_wconf 89' lang='lat' dir='ltr'>superius</span> <span class='ocrx_word' id='word_1_178' title='bbox 564 1860 801 1908; x_wconf 85' lang='lat' dir='ltr'>monachi</span> <span class='ocrx_word' id='word_1_179' title='bbox 856 1860 1164 1924; x_wconf 88' lang='lat' dir='ltr'>scripserunt</span> <span class='ocrx_word' id='word_1_180' title='bbox 1213 1864 1509 1906; x_wconf 88' lang='lat' dir='ltr'>commenta</span> <span class='ocrx_word' id='word_1_181' title='bbox 1567 1858 1619 1905; x_wconf 92' lang='lat' dir='ltr'>in</span> <span class='ocrx_word' id='word_1_182' title='bbox 1678 1856 1880 1921; x_wconf 84' lang='lat' dir='ltr'>regulas</span> 
     </span>
     <span class='ocr_line' id='line_1_25' title="bbox 279 1925 1878 1993; baseline -0.004 -17"><span class='ocrx_word' id='word_1_183' title='bbox 279 1928 707 1993; x_wconf 75' lang='lat' dir='ltr'>grammaticaleS,</span> <span class='ocrx_word' id='word_1_184' title='bbox 755 1927 808 1975; x_wconf 91' lang='lat' dir='ltr'>in</span> <span class='ocrx_word' id='word_1_185' title='bbox 855 1928 1146 1982; x_wconf 89' lang='lat' dir='ltr'>Donatum,</span> <span class='ocrx_word' id='word_1_186' title='bbox 1195 1925 1247 1973; x_wconf 92' lang='lat' dir='ltr'>in</span> <span class='ocrx_word' id='word_1_187' title='bbox 1295 1926 1515 1973; x_wconf 89' lang='lat' dir='ltr'>Petrum</span> <span class='ocrx_word' id='word_1_188' title='bbox 1564 1925 1878 1989; x_wconf 90' lang='lat' dir='ltr'>Hispanum,</span> 
     </span>
     <span class='ocr_line' id='line_1_26' title="bbox 280 1990 1879 2058; baseline -0.003 -14"><span class='ocrx_word' id='word_1_189' title='bbox 280 1995 333 2044; x_wconf 90' lang='lat' dir='ltr'>in</span> <span class='ocrx_word' id='word_1_190' title='bbox 374 1995 714 2050; x_wconf 89' lang='lat' dir='ltr'>Phisicorum‚</span> <span class='ocrx_word' id='word_1_191' title='bbox 753 1993 1215 2058; x_wconf 85' lang='lat' dir='ltr'>Metaphisicorum</span> <span class='ocrx_word' id='word_1_192' title='bbox 1257 2000 1310 2041; x_wconf 90' lang='lat' dir='ltr'>et</span> <span class='ocrx_word' id='word_1_193' title='bbox 1352 1993 1676 2048; x_wconf 88' lang='lat' dir='ltr'>Ethicorum,</span> <span class='ocrx_word' id='word_1_194' title='bbox 1714 1998 1767 2039; x_wconf 91' lang='lat' dir='ltr'>et</span> <span class='ocrx_word' id='word_1_195' title='bbox 1810 1990 1879 2039; x_wconf 87' lang='lat' dir='ltr'>sic</span> 
     </span>
     <span class='ocr_line' id='line_1_27' title="bbox 282 2058 1878 2117; baseline -0.004 -6"><span class='ocrx_word' id='word_1_196' title='bbox 282 2062 590 2112; x_wconf 87' lang='lat' dir='ltr'>commentis</span> <span class='ocrx_word' id='word_1_197' title='bbox 633 2061 734 2111; x_wconf 91' lang='lat' dir='ltr'>suis</span> <span class='ocrx_word' id='word_1_198' title='bbox 777 2062 1275 2117; x_wconf 84' lang='lat' dir='ltr'>commerdaverunt,</span> <span class='ocrx_word' id='word_1_199' title='bbox 1315 2067 1368 2108; x_wconf 90' lang='lat' dir='ltr'>et</span> <span class='ocrx_word' id='word_1_200' title='bbox 1408 2059 1461 2107; x_wconf 90' lang='lat' dir='ltr'>in</span> <span class='ocrx_word' id='word_1_201' title='bbox 1503 2059 1741 2107; x_wconf 90' lang='lat' dir='ltr'>omnibus</span> <span class='ocrx_word' id='word_1_202' title='bbox 1789 2058 1878 2106; x_wconf 90' lang='lat' dir='ltr'>sci-</span> 
     </span>
     <span class='ocr_line' id='line_1_28' title="bbox 282 2126 1881 2193; baseline -0.003 -15"><span class='ocrx_word' id='word_1_203' title='bbox 282 2130 467 2179; x_wconf 85' lang='lat' dir='ltr'>bilibus</span> <span class='ocrx_word' id='word_1_204' title='bbox 491 2129 615 2178; x_wconf 85' lang='lat' dir='ltr'>facti</span> <span class='ocrx_word' id='word_1_205' title='bbox 654 2136 774 2177; x_wconf 89' lang='lat' dir='ltr'>sunt</span> <span class='ocrx_word' id='word_1_206' title='bbox 809 2129 1141 2193; x_wconf 81' lang='lat' dir='ltr'>magistrales.</span> <span class='ocrx_word' id='word_1_207' title='bbox 1217 2127 1318 2175; x_wconf 88' lang='lat' dir='ltr'>Sed</span> <span class='ocrx_word' id='word_1_208' title='bbox 1349 2143 1467 2174; x_wconf 89' lang='lat' dir='ltr'>cum</span> <span class='ocrx_word' id='word_1_209' title='bbox 1493 2126 1881 2191; x_wconf 87' lang='lat' dir='ltr'>supportatione</span> 
     </span>
     <span class='ocr_line' id='line_1_29' title="bbox 282 2194 1882 2262; baseline -0.003 -17"><span class='ocrx_word' id='word_1_210' title='bbox 282 2215 373 2246; x_wconf 93' lang='lat' dir='ltr'>sua</span> <span class='ocrx_word' id='word_1_211' title='bbox 408 2214 504 2262; x_wconf 84' lang='lat' dir='ltr'>ego</span> <span class='ocrx_word' id='word_1_212' title='bbox 540 2197 938 2260; x_wconf 83' lang='lat' dir='ltr'>distinguerem:</span> <span class='ocrx_word' id='word_1_213' title='bbox 987 2195 1152 2261; x_wconf 90' lang='lat' dir='ltr'>primo</span> <span class='ocrx_word' id='word_1_214' title='bbox 1195 2195 1257 2243; x_wconf 92' lang='lat' dir='ltr'>de</span> <span class='ocrx_word' id='word_1_215' title='bbox 1300 2194 1615 2242; x_wconf 86' lang='lat' dir='ltr'>cucullatis:&#39;</span> <span class='ocrx_word' id='word_1_216' title='bbox 1643 2194 1764 2257; x_wconf 89' lang='lat' dir='ltr'>quia</span> <span class='ocrx_word' id='word_1_217' title='bbox 1805 2199 1882 2241; x_wconf 87' lang='lat' dir='ltr'>est</span> 
     </span>
     <span class='ocr_line' id='line_1_30' title="bbox 281 2260 1882 2328; baseline -0.003 -16"><span class='ocrx_word' id='word_1_218' title='bbox 281 2264 533 2313; x_wconf 89' lang='lat' dir='ltr'>terminus</span> <span class='ocrx_word' id='word_1_219' title='bbox 575 2264 884 2328; x_wconf 80' lang='lat' dir='ltr'>aequivocus</span> <span class='ocrx_word' id='word_1_220' title='bbox 925 2264 989 2310; x_wconf 85' lang='lat' dir='ltr'>ad</span> <span class='ocrx_word' id='word_1_221' title='bbox 1030 2262 1210 2311; x_wconf 89' lang='lat' dir='ltr'>multa.</span> <span class='ocrx_word' id='word_1_222' title='bbox 1300 2261 1477 2309; x_wconf 88' lang='lat' dir='ltr'>Primo</span> <span class='ocrx_word' id='word_1_223' title='bbox 1518 2262 1581 2309; x_wconf 88' lang='lat' dir='ltr'>ad</span> <span class='ocrx_word' id='word_1_224' title='bbox 1625 2260 1882 2309; x_wconf 89' lang='lat' dir='ltr'>Bohemos</span> 
     </span>
     <span class='ocr_line' id='line_1_31' title="bbox 281 2327 1880 2395; baseline -0.003 -16"><span class='ocrx_word' id='word_1_225' title='bbox 281 2331 371 2395; x_wconf 89' lang='lat' dir='ltr'>qui</span> <span class='ocrx_word' id='word_1_226' title='bbox 407 2332 599 2379; x_wconf 88' lang='lat' dir='ltr'>habent</span> <span class='ocrx_word' id='word_1_227' title='bbox 635 2331 858 2378; x_wconf 89' lang='lat' dir='ltr'>cucullas</span> <span class='ocrx_word' id='word_1_228' title='bbox 894 2331 967 2378; x_wconf 90' lang='lat' dir='ltr'>ita</span> <span class='ocrx_word' id='word_1_229' title='bbox 1001 2330 1180 2394; x_wconf 86' lang='lat' dir='ltr'>longas</span> <span class='ocrx_word' id='word_1_230' title='bbox 1216 2335 1276 2376; x_wconf 92' lang='lat' dir='ltr'>ut</span> <span class='ocrx_word' id='word_1_231' title='bbox 1313 2330 1511 2377; x_wconf 88' lang='lat' dir='ltr'>vadunt</span> <span class='ocrx_word' id='word_1_232' title='bbox 1546 2329 1680 2376; x_wconf 88' lang='lat' dir='ltr'>ultra</span> <span class='ocrx_word' id='word_1_233' title='bbox 1705 2327 1880 2391; x_wconf 82' lang='lat' dir='ltr'>cingu-</span> 
     </span>
     <span class='ocr_line' id='line_1_32' title="bbox 282 2395 1881 2459; baseline -0.003 -13"><span class='ocrx_word' id='word_1_234' title='bbox 282 2399 392 2446; x_wconf 90' lang='lat' dir='ltr'>lum</span> <span class='ocrx_word' id='word_1_235' title='bbox 434 2398 648 2446; x_wconf 91' lang='lat' dir='ltr'>abinde:</span> <span class='ocrx_word' id='word_1_236' title='bbox 704 2405 757 2446; x_wconf 91' lang='lat' dir='ltr'>et</span> <span class='ocrx_word' id='word_1_237' title='bbox 805 2397 855 2445; x_wconf 92' lang='lat' dir='ltr'>in</span> <span class='ocrx_word' id='word_1_238' title='bbox 898 2397 994 2445; x_wconf 86' lang='lat' dir='ltr'>illis</span> <span class='ocrx_word' id='word_1_239' title='bbox 1038 2414 1143 2444; x_wconf 91' lang='lat' dir='ltr'>non</span> <span class='ocrx_word' id='word_1_240' title='bbox 1185 2403 1262 2444; x_wconf 87' lang='lat' dir='ltr'>est</span> <span class='ocrx_word' id='word_1_241' title='bbox 1305 2396 1531 2451; x_wconf 83' lang='lat' dir='ltr'>scientia,</span> <span class='ocrx_word' id='word_1_242' title='bbox 1576 2395 1662 2443; x_wconf 89' lang='lat' dir='ltr'>sed</span> <span class='ocrx_word' id='word_1_243' title='bbox 1710 2395 1881 2459; x_wconf 87' lang='lat' dir='ltr'>potius</span> 
     </span>
     <span class='ocr_line' id='line_1_33' title="bbox 282 2461 1880 2527; baseline -0.004 -13"><span class='ocrx_word' id='word_1_244' title='bbox 282 2466 514 2514; x_wconf 81' lang='lat' dir='ltr'>haeresis,</span> <span class='ocrx_word' id='word_1_245' title='bbox 591 2466 829 2513; x_wconf 88' lang='lat' dir='ltr'>Secundo</span> <span class='ocrx_word' id='word_1_246' title='bbox 867 2465 930 2512; x_wconf 86' lang='lat' dir='ltr'>ad</span> <span class='ocrx_word' id='word_1_247' title='bbox 973 2465 1192 2512; x_wconf 89' lang='lat' dir='ltr'>Iudaeos</span> <span class='ocrx_word' id='word_1_248' title='bbox 1230 2463 1318 2527; x_wconf 92' lang='lat' dir='ltr'>qui</span> <span class='ocrx_word' id='word_1_249' title='bbox 1357 2463 1513 2511; x_wconf 89' lang='lat' dir='ltr'>etiam</span> <span class='ocrx_word' id='word_1_250' title='bbox 1553 2469 1674 2510; x_wconf 90' lang='lat' dir='ltr'>sunt</span> <span class='ocrx_word' id='word_1_251' title='bbox 1710 2461 1880 2508; x_wconf 91' lang='lat' dir='ltr'>cucul-</span> 
     </span>
     <span class='ocr_line' id='line_1_34' title="bbox 282 2528 1878 2594; baseline -0.003 -13"><span class='ocrx_word' id='word_1_252' title='bbox 282 2533 402 2581; x_wconf 89' lang='lat' dir='ltr'>lati:</span> <span class='ocrx_word' id='word_1_253' title='bbox 458 2539 510 2581; x_wconf 90' lang='lat' dir='ltr'>et</span> <span class='ocrx_word' id='word_1_254' title='bbox 551 2540 728 2581; x_wconf 91' lang='lat' dir='ltr'>tamen</span> <span class='ocrx_word' id='word_1_255' title='bbox 776 2549 878 2580; x_wconf 91' lang='lat' dir='ltr'>non</span> <span class='ocrx_word' id='word_1_256' title='bbox 921 2532 1203 2584; x_wconf 85' lang='lat' dir='ltr'>scientifici,</span> <span class='ocrx_word' id='word_1_257' title='bbox 1247 2531 1368 2594; x_wconf 87' lang='lat' dir='ltr'>quia</span> <span class='ocrx_word' id='word_1_258' title='bbox 1410 2537 1557 2578; x_wconf 85' lang='lat' dir='ltr'>extra</span> <span class='ocrx_word' id='word_1_259' title='bbox 1599 2528 1878 2577; x_wconf 88' lang='lat' dir='ltr'>ecclesiam.</span> 
     </span>
    </p>
   </div>
   <div class='ocr_carea' id='block_1_3' title="bbox 284 2679 1886 2964">
    <p class='ocr_par' dir='ltr' id='par_1_3' title="bbox 284 2679 1886 2869">
     <span class='ocr_line' id='line_1_35' title="bbox 329 2679 1884 2729; baseline -0.004 -12"><span class='ocrx_word' id='word_1_260' title='bbox 329 2683 356 2702; x_wconf 77' lang='lat'>⁴⁵</span> <span class='ocrx_word' id='word_1_261' title='bbox 382 2686 546 2718; x_wconf 47' lang='lat' dir='ltr'>ilsarsz&#39;lx</span> <span class='ocrx_word' id='word_1_262' title='bbox 564 2683 614 2717; x_wconf 92' lang='lat' dir='ltr'>M.</span> <span class='ocrx_word' id='word_1_263' title='bbox 633 2684 678 2717; x_wconf 86' lang='lat' dir='ltr'>ab</span> <span class='ocrx_word' id='word_1_264' title='bbox 697 2684 858 2729; x_wconf 82' lang='lat' dir='ltr'>Inghen,</span> <span class='ocrx_word' id='word_1_265' title='bbox 877 2685 925 2717; x_wconf 73' lang='lat' dir='ltr'>ob.</span> <span class='ocrx_word' id='word_1_266' title='bbox 947 2682 1046 2718; x_wconf 82' lang='lat'><strong>1396.</strong></span> <span class='ocrx_word' id='word_1_267' title='bbox 1163 2681 1191 2700; x_wconf 73' lang='lat'>⁶³</span> <span class='ocrx_word' id='word_1_268' title='bbox 1217 2685 1402 2716; x_wconf 66' lang='lat' dir='ltr'>Donatus:</span> <span class='ocrx_word' id='word_1_269' title='bbox 1460 2680 1579 2713; x_wconf 36' lang='lat' dir='ltr'>*Elius</span> <span class='ocrx_word' id='word_1_270' title='bbox 1630 2679 1813 2721; x_wconf 84' lang='lat' dir='ltr'>Donatus,</span> <span class='ocrx_word' id='word_1_271' title='bbox 1863 2690 1884 2712; x_wconf 90' lang='lat' dir='ltr'>a</span> 
     </span>
     <span class='ocr_line' id='line_1_36' title="bbox 284 2726 1885 2776; baseline -0.003 -11"><span class='ocrx_word' id='word_1_272' title='bbox 284 2732 316 2765; x_wconf 90' lang='lat' dir='ltr'>A</span> <span class='ocrx_word' id='word_1_273' title='bbox 336 2730 440 2776; x_wconf 86' lang='lat' dir='ltr'>pupi]</span> <span class='ocrx_word' id='word_1_274' title='bbox 458 2731 500 2765; x_wconf 89' lang='lat' dir='ltr'>of</span> <span class='ocrx_word' id='word_1_275' title='bbox 520 2730 688 2764; x_wconf 85' lang='lat' dir='ltr'>William</span> <span class='ocrx_word' id='word_1_276' title='bbox 707 2732 748 2765; x_wconf 88' lang='lat' dir='ltr'>of</span> <span class='ocrx_word' id='word_1_277' title='bbox 770 2731 951 2773; x_wconf 72' lang='lat' dir='ltr'>Ockhani,</span> <span class='ocrx_word' id='word_1_278' title='bbox 970 2730 1050 2764; x_wconf 83' lang='lat' dir='ltr'>first</span> <span class='ocrx_word' id='word_1_279' title='bbox 1117 2730 1363 2774; x_wconf 81' lang='lat' dir='ltr'>grammarian</span> <span class='ocrx_word' id='word_1_280' title='bbox 1383 2729 1424 2762; x_wconf 87' lang='lat' dir='ltr'>of</span> <span class='ocrx_word' id='word_1_281' title='bbox 1436 2728 1501 2762; x_wconf 78' lang='lat' dir='ltr'>the</span> <span class='ocrx_word' id='word_1_282' title='bbox 1519 2727 1613 2761; x_wconf 82' lang='lat' dir='ltr'>1Vth</span> <span class='ocrx_word' id='word_1_283' title='bbox 1633 2726 1885 2768; x_wconf 78' lang='lat' dir='ltr'>Cent.‚whose</span> 
     </span>
     <span class='ocr_line' id='line_1_37' title="bbox 284 2772 1885 2821; baseline -0.004 -9"><span class='ocrx_word' id='word_1_284' title='bbox 284 2779 422 2813; x_wconf 80' lang='lat' dir='ltr'>Rector</span> <span class='ocrx_word' id='word_1_285' title='bbox 439 2778 480 2812; x_wconf 87' lang='lat' dir='ltr'>of</span> <span class='ocrx_word' id='word_1_286' title='bbox 495 2777 722 2821; x_wconf 74' lang='lat' dir='ltr'>Heidelberg</span> <span class='ocrx_word' id='word_1_287' title='bbox 740 2778 846 2811; x_wconf 84' lang='lat' dir='ltr'>Univ.</span> <span class='ocrx_word' id='word_1_288' title='bbox 898 2777 969 2812; x_wconf 89' lang='lat' dir='ltr'>For</span> <span class='ocrx_word' id='word_1_289' title='bbox 985 2777 1050 2811; x_wconf 87' lang='lat' dir='ltr'>the</span> <span class='ocrx_word' id='word_1_290' title='bbox 1118 2780 1192 2810; x_wconf 72' lang='lat' dir='ltr'>Ars</span> <span class='ocrx_word' id='word_1_291' title='bbox 1212 2778 1452 2810; x_wconf 65' lang='lat' dir='ltr'>Grammatiea</span> <span class='ocrx_word' id='word_1_292' title='bbox 1470 2785 1540 2807; x_wconf 86' lang='lat' dir='ltr'>was</span> <span class='ocrx_word' id='word_1_293' title='bbox 1559 2773 1647 2807; x_wconf 82' lang='lat' dir='ltr'>used</span> <span class='ocrx_word' id='word_1_294' title='bbox 1665 2785 1703 2807; x_wconf 84' lang='lat' dir='ltr'>as</span> <span class='ocrx_word' id='word_1_295' title='bbox 1720 2785 1740 2806; x_wconf 87' lang='lat' dir='ltr'>a</span> <span class='ocrx_word' id='word_1_296' title='bbox 1758 2772 1885 2807; x_wconf 84' lang='lat' dir='ltr'>school</span> 
     </span>
     <span class='ocr_line' id='line_1_38' title="bbox 286 2819 1886 2869; baseline -0.003 -11"><span class='ocrx_word' id='word_1_297' title='bbox 286 2826 313 2843; x_wconf 85' lang='lat'><strong>“</strong></span> <span class='ocrx_word' id='word_1_298' title='bbox 330 2825 658 2869; x_wconf 76' lang='lat' dir='ltr'>Consequentiae‚&#39;’</span> <span class='ocrx_word' id='word_1_299' title='bbox 675 2837 735 2859; x_wconf 90' lang='lat' dir='ltr'>see</span> <span class='ocrx_word' id='word_1_300' title='bbox 754 2827 774 2858; x_wconf 83' lang='lat' dir='ltr'>i.</span> <span class='ocrx_word' id='word_1_301' title='bbox 797 2824 853 2868; x_wconf 87' lang='lat'>17,</span> <span class='ocrx_word' id='word_1_302' title='bbox 873 2837 907 2859; x_wconf 80' lang='lat' dir='ltr'>n.</span> <span class='ocrx_word' id='word_1_303' title='bbox 1118 2823 1313 2857; x_wconf 76' lang='lat' dir='ltr'>text-book</span> <span class='ocrx_word' id='word_1_304' title='bbox 1331 2823 1367 2856; x_wconf 91' lang='lat' dir='ltr'>in</span> <span class='ocrx_word' id='word_1_305' title='bbox 1387 2822 1451 2855; x_wconf 86' lang='lat' dir='ltr'>the</span> <span class='ocrx_word' id='word_1_306' title='bbox 1470 2821 1559 2854; x_wconf 85' lang='lat' dir='ltr'>Mid.</span> <span class='ocrx_word' id='word_1_307' title='bbox 1580 2820 1678 2865; x_wconf 85' lang='lat' dir='ltr'>Ages</span> <span class='ocrx_word' id='word_1_308' title='bbox 1697 2832 1735 2854; x_wconf 92' lang='lat' dir='ltr'>so</span> <span class='ocrx_word' id='word_1_309' title='bbox 1754 2819 1886 2865; x_wconf 84' lang='lat' dir='ltr'>widely</span> 
     </span>
    </p>

    <p class='ocr_par' dir='ltr' id='par_1_4' title="bbox 287 2867 1886 2964">
     <span class='ocr_line' id='line_1_39' title="bbox 332 2867 1886 2917; baseline -0.003 -13"><span class='ocrx_word' id='word_1_310' title='bbox 332 2870 360 2889; x_wconf 68' lang='lat'>⁴⁶</span> <span class='ocrx_word' id='word_1_311' title='bbox 384 2874 528 2914; x_wconf 64' lang='lat' dir='ltr'>Suppos.</span> <span class='ocrx_word' id='word_1_312' title='bbox 543 2884 555 2906; x_wconf 91' lang='grc'>.·</span> <span class='ocrx_word' id='word_1_313' title='bbox 594 2871 813 2917; x_wconf 83' lang='lat' dir='ltr'>apparently</span> <span class='ocrx_word' id='word_1_314' title='bbox 855 2872 902 2917; x_wconf 89' lang='lat' dir='ltr'>by</span> <span class='ocrx_word' id='word_1_315' title='bbox 944 2871 1053 2906; x_wconf 88' lang='lat' dir='ltr'>Peter</span> <span class='ocrx_word' id='word_1_316' title='bbox 1117 2871 1202 2904; x_wconf 84' lang='lat' dir='ltr'>that</span> <span class='ocrx_word' id='word_1_317' title='bbox 1221 2871 1246 2888; x_wconf 86' lang='lat'><strong>“</strong></span> <span class='ocrx_word' id='word_1_318' title='bbox 1260 2870 1409 2904; x_wconf 81' lang='lat' dir='ltr'>Donat&#39;&#39;</span> <span class='ocrx_word' id='word_1_319' title='bbox 1431 2869 1576 2902; x_wconf 78' lang='lat' dir='ltr'>became</span> <span class='ocrx_word' id='word_1_320' title='bbox 1593 2879 1613 2900; x_wconf 83' lang='lat' dir='ltr'>a</span> <span class='ocrx_word' id='word_1_321' title='bbox 1629 2879 1810 2912; x_wconf 76' lang='lat' dir='ltr'>synonym</span> <span class='ocrx_word' id='word_1_322' title='bbox 1829 2867 1886 2901; x_wconf 88' lang='lat' dir='ltr'>for</span> 
     </span>
     <span class='ocr_line' id='line_1_40' title="bbox 287 2913 1886 2964; baseline -0.004 -11"><span class='ocrx_word' id='word_1_323' title='bbox 287 2919 405 2964; x_wconf 63' lang='lat' dir='ltr'>Hisp„</span> <span class='ocrx_word' id='word_1_324' title='bbox 423 2919 491 2952; x_wconf 89' lang='lat' dir='ltr'>but</span> <span class='ocrx_word' id='word_1_325' title='bbox 509 2930 556 2953; x_wconf 91' lang='lat' dir='ltr'>no</span> <span class='ocrx_word' id='word_1_326' title='bbox 574 2923 741 2964; x_wconf 87' lang='lat' dir='ltr'>separate</span> <span class='ocrx_word' id='word_1_327' title='bbox 759 2919 858 2953; x_wconf 88' lang='lat' dir='ltr'>work</span> <span class='ocrx_word' id='word_1_328' title='bbox 886 2919 927 2952; x_wconf 90' lang='lat' dir='ltr'>of</span> <span class='ocrx_word' id='word_1_329' title='bbox 948 2919 1005 2952; x_wconf 84' lang='lat' dir='ltr'>his</span> <span class='ocrx_word' id='word_1_330' title='bbox 1023 2919 1053 2952; x_wconf 84' lang='lat' dir='ltr'>is</span> <span class='ocrx_word' id='word_1_331' title='bbox 1120 2918 1147 2934; x_wconf 82' lang='lat'><em>“</em></span> <span class='ocrx_word' id='word_1_332' title='bbox 1160 2917 1374 2959; x_wconf 42' lang='lat' dir='ltr'>grammar?</span> <span class='ocrx_word' id='word_1_333' title='bbox 1393 2927 1433 2949; x_wconf 85' lang='lat' dir='ltr'>or</span> <span class='ocrx_word' id='word_1_334' title='bbox 1457 2915 1522 2948; x_wconf 88' lang='lat' dir='ltr'>the</span> <span class='ocrx_word' id='word_1_335' title='bbox 1547 2913 1726 2948; x_wconf 87' lang='lat' dir='ltr'>elements</span> <span class='ocrx_word' id='word_1_336' title='bbox 1752 2914 1794 2948; x_wconf 88' lang='lat' dir='ltr'>of</span> <span class='ocrx_word' id='word_1_337' title='bbox 1813 2926 1886 2959; x_wconf 89' lang='lat' dir='ltr'>any</span> 
     </span>
    </p>
   </div>
   <div class='ocr_carea' id='block_1_4' title="bbox 282 2960 1892 3197">
    <p class='ocr_par' dir='ltr' id='par_1_5' title="bbox 282 2960 1886 3102">
     <span class='ocr_line' id='line_1_41' title="bbox 282 2960 1886 3006; baseline -0.002 -6"><span class='ocrx_word' id='word_1_338' title='bbox 282 2967 370 3002; x_wconf 81' lang='lat' dir='ltr'>thus</span> <span class='ocrx_word' id='word_1_339' title='bbox 387 2966 531 3000; x_wconf 82' lang='lat' dir='ltr'>named.</span> <span class='ocrx_word' id='word_1_340' title='bbox 1120 2960 1273 2998; x_wconf 81' lang='lat' dir='ltr'>science.</span> <span class='ocrx_word' id='word_1_341' title='bbox 1323 2963 1402 2996; x_wconf 89' lang='lat' dir='ltr'>The</span> <span class='ocrx_word' id='word_1_342' title='bbox 1427 2961 1528 3006; x_wconf 80' lang='lat' dir='ltr'>early</span> <span class='ocrx_word' id='word_1_343' title='bbox 1547 2962 1714 2995; x_wconf 83' lang='lat' dir='ltr'>Donatus</span> <span class='ocrx_word' id='word_1_344' title='bbox 1733 2973 1804 2994; x_wconf 83' lang='lat' dir='ltr'>was</span> <span class='ocrx_word' id='word_1_345' title='bbox 1821 2961 1886 2996; x_wconf 88' lang='lat' dir='ltr'>the</span> 
     </span>
     <span class='ocr_line' id='line_1_42' title="bbox 333 3007 1886 3056; baseline -0.003 -9"><span class='ocrx_word' id='word_1_346' title='bbox 333 3013 361 3031; x_wconf 75' lang='lat'>⁴⁶</span> <span class='ocrx_word' id='word_1_347' title='bbox 387 3015 492 3047; x_wconf 76' lang='lat' dir='ltr'>Parv.</span> <span class='ocrx_word' id='word_1_348' title='bbox 511 3014 574 3056; x_wconf 72' lang='lat' dir='ltr'>loq.</span> <span class='ocrx_word' id='word_1_349' title='bbox 625 3013 692 3047; x_wconf 85' lang='lat' dir='ltr'>See</span> <span class='ocrx_word' id='word_1_350' title='bbox 711 3013 745 3046; x_wconf 87' lang='lat' dir='ltr'>ii.</span> <span class='ocrx_word' id='word_1_351' title='bbox 768 3012 824 3054; x_wconf 80' lang='lat'>17,</span> <span class='ocrx_word' id='word_1_352' title='bbox 845 3024 877 3045; x_wconf 79' lang='grc' dir='ltr'>η.</span> <span class='ocrx_word' id='word_1_353' title='bbox 1121 3011 1210 3055; x_wconf 86' lang='lat' dir='ltr'>only</span> <span class='ocrx_word' id='word_1_354' title='bbox 1223 3009 1447 3044; x_wconf 87' lang='lat' dir='ltr'>block-book</span> <span class='ocrx_word' id='word_1_355' title='bbox 1462 3007 1617 3041; x_wconf 86' lang='lat' dir='ltr'>without</span> <span class='ocrx_word' id='word_1_356' title='bbox 1629 3007 1886 3042; x_wconf 83' lang='lat' dir='ltr'>illustrations.</span> 
     </span>
     <span class='ocr_line' id='line_1_43' title="bbox 333 3054 1712 3102; baseline -0.003 -10"><span class='ocrx_word' id='word_1_357' title='bbox 333 3059 360 3078; x_wconf 83' lang='lat'>⁴⁹</span> <span class='ocrx_word' id='word_1_358' title='bbox 396 3061 574 3102; x_wconf 78' lang='lat' dir='ltr'>Wimphel.</span> <span class='ocrx_word' id='word_1_359' title='bbox 641 3059 707 3093; x_wconf 89' lang='lat' dir='ltr'>See</span> <span class='ocrx_word' id='word_1_360' title='bbox 741 3060 776 3093; x_wconf 87' lang='lat' dir='ltr'>ii.</span> <span class='ocrx_word' id='word_1_361' title='bbox 810 3059 869 3102; x_wconf 88' lang='grc'>51,</span> <span class='ocrx_word' id='word_1_362' title='bbox 901 3070 950 3101; x_wconf 61' lang='lat' dir='ltr'>n„</span> <span class='ocrx_word' id='word_1_363' title='bbox 980 3059 1053 3092; x_wconf 86' lang='lat' dir='ltr'>and</span> <span class='ocrx_word' id='word_1_364' title='bbox 1169 3057 1196 3075; x_wconf 82' lang='lat'>⁶⁹</span> <span class='ocrx_word' id='word_1_365' title='bbox 1222 3059 1334 3099; x_wconf 57' lang='lat' dir='ltr'>Phi-sa,</span> <span class='ocrx_word' id='word_1_366' title='bbox 1354 3056 1419 3089; x_wconf 60' lang='lat' dir='ltr'>&amp;a</span> <span class='ocrx_word' id='word_1_367' title='bbox 1437 3067 1444 3089; x_wconf 75' lang='grc' dir='ltr'>ι</span> <span class='ocrx_word' id='word_1_368' title='bbox 1464 3055 1507 3089; x_wconf 88' lang='lat' dir='ltr'>of</span> <span class='ocrx_word' id='word_1_369' title='bbox 1518 3054 1712 3089; x_wconf 81' lang='lat' dir='ltr'>Aristotle.</span> 
     </span>
    </p>

    <p class='ocr_par' dir='ltr' id='par_1_6' title="bbox 285 3103 1892 3197">
     <span class='ocr_line' id='line_1_44' title="bbox 285 3103 1892 3150; baseline -0.003 -9"><span class='ocrx_word' id='word_1_370' title='bbox 285 3108 349 3142; x_wconf 85' lang='lat' dir='ltr'>the</span> <span class='ocrx_word' id='word_1_371' title='bbox 371 3108 485 3141; x_wconf 69' lang='lat' dir='ltr'><strong><em>s&#39;amb.</em></strong></span> <span class='ocrx_word' id='word_1_372' title='bbox 503 3108 596 3140; x_wconf 81' lang='lat' dir='ltr'>Mod.</span> <span class='ocrx_word' id='word_1_373' title='bbox 614 3108 723 3147; x_wconf 64' lang='lat' dir='ltr'>Hist„</span> <span class='ocrx_word' id='word_1_374' title='bbox 742 3104 812 3140; x_wconf 86' lang='lat' dir='ltr'>vol.</span> <span class='ocrx_word' id='word_1_375' title='bbox 831 3107 854 3140; x_wconf 88' lang='lat' dir='ltr'>i.</span> <span class='ocrx_word' id='word_1_376' title='bbox 873 3117 907 3150; x_wconf 90' lang='lat' dir='ltr'>p.</span> <span class='ocrx_word' id='word_1_377' title='bbox 926 3105 1003 3139; x_wconf 83' lang='lat'>634.</span> <span class='ocrx_word' id='word_1_378' title='bbox 1167 3103 1196 3122; x_wconf 81' lang='lat'>⁷⁰</span> <span class='ocrx_word' id='word_1_379' title='bbox 1221 3105 1402 3138; x_wconf 75' lang='lat' dir='ltr'>commerd.</span> <span class='ocrx_word' id='word_1_380' title='bbox 1418 3115 1430 3137; x_wconf 88' lang='grc'>.·</span> <span class='ocrx_word' id='word_1_381' title='bbox 1453 3114 1472 3135; x_wconf 85' lang='lat' dir='ltr'>a</span> <span class='ocrx_word' id='word_1_382' title='bbox 1487 3103 1601 3136; x_wconf 79' lang='lat' dir='ltr'>comio</span> <span class='ocrx_word' id='word_1_383' title='bbox 1619 3103 1831 3147; x_wconf 84' lang='lat' dir='ltr'>perversion</span> <span class='ocrx_word' id='word_1_384' title='bbox 1850 3103 1892 3137; x_wconf 87' lang='lat' dir='ltr'>of</span> 
     </span>
     <span class='ocr_line' id='line_1_45' title="bbox 334 3149 1538 3197; baseline -0.004 -9"><span class='ocrx_word' id='word_1_385' title='bbox 334 3154 361 3173; x_wconf 83' lang='lat'>⁵⁵</span> <span class='ocrx_word' id='word_1_386' title='bbox 387 3166 487 3197; x_wconf 79' lang='lat' dir='ltr'>appr.</span> <span class='ocrx_word' id='word_1_387' title='bbox 536 3155 606 3196; x_wconf 72' lang='lat' dir='ltr'>Sic,</span> <span class='ocrx_word' id='word_1_388' title='bbox 626 3154 663 3186; x_wconf 90' lang='lat' dir='ltr'>in</span> <span class='ocrx_word' id='word_1_389' title='bbox 684 3151 758 3197; x_wconf 65' lang='lat' dir='ltr'>[E]</span> <span class='ocrx_word' id='word_1_390' title='bbox 1123 3153 1148 3169; x_wconf 84' lang='lat'><strong>“</strong></span> <span class='ocrx_word' id='word_1_391' title='bbox 1162 3149 1538 3185; x_wconf 83' lang='lat' dir='ltr'>commentaverunt.”</span> 
     </span>
    </p>
   </div>
   <div class='ocr_carea' id='block_1_5' title="bbox 1051 3213 1147 3254">
    <p class='ocr_par' dir='ltr' id='par_1_7' title="bbox 1051 3213 1147 3254">
     <span class='ocr_line' id='line_1_46' title="bbox 1051 3213 1147 3254; baseline -0.01 0"><span class='ocrx_word' id='word_1_392' title='bbox 1051 3213 1147 3254; x_wconf 82' lang='lat'>265</span> 
     </span>
    </p>
   </div>
   <div class='ocr_carea' id='block_1_6' title="bbox 1901 398 1939 427">
    <p class='ocr_par' dir='ltr' id='par_1_8' title="bbox 1901 398 1939 427">
     <span class='ocr_line' id='line_1_47' title="bbox 1901 398 1939 427; baseline 0 0"><span class='ocrx_word' id='word_1_393' title='bbox 1901 398 1939 427; x_wconf 76' lang='lat'>45</span> 
     </span>
    </p>
   </div>
   <div class='ocr_carea' id='block_1_7' title="bbox 1904 732 1942 762">
    <p class='ocr_par' dir='ltr' id='par_1_9' title="bbox 1904 732 1942 762">
     <span class='ocr_line' id='line_1_48' title="bbox 1904 732 1942 762; baseline 0 0"><span class='ocrx_word' id='word_1_394' title='bbox 1904 732 1942 762; x_wconf 85' lang='lat'>50</span> 
     </span>
    </p>
   </div>
   <div class='ocr_carea' id='block_1_8' title="bbox 1908 1065 1946 1094">
    <p class='ocr_par' dir='ltr' id='par_1_10' title="bbox 1908 1065 1946 1094">
     <span class='ocr_line' id='line_1_49' title="bbox 1908 1065 1946 1094; baseline 0 0"><span class='ocrx_word' id='word_1_395' title='bbox 1908 1065 1946 1094; x_wconf 85' lang='lat'>55</span> 
     </span>
    </p>
   </div>
   <div class='ocr_carea' id='block_1_9' title="bbox 1911 1398 1949 1428">
    <p class='ocr_par' dir='ltr' id='par_1_11' title="bbox 1911 1398 1949 1428">
     <span class='ocr_line' id='line_1_50' title="bbox 1911 1398 1949 1428; baseline 0 0"><span class='ocrx_word' id='word_1_396' title='bbox 1911 1398 1949 1428; x_wconf 88' lang='grc'>60</span> 
     </span>
    </p>
   </div>
   <div class='ocr_carea' id='block_1_10' title="bbox 1913 1737 1951 1768">
    <p class='ocr_par' dir='ltr' id='par_1_12' title="bbox 1913 1737 1951 1768">
     <span class='ocr_line' id='line_1_51' title="bbox 1913 1737 1951 1768; baseline 0.079 -3"><span class='ocrx_word' id='word_1_397' title='bbox 1913 1737 1951 1768; x_wconf 82' lang='grc'>65</span> 
     </span>
    </p>
   </div>
   <div class='ocr_carea' id='block_1_11' title="bbox 1916 2077 1954 2109">
    <p class='ocr_par' dir='ltr' id='par_1_13' title="bbox 1916 2077 1954 2109">
     <span class='ocr_line' id='line_1_52' title="bbox 1916 2077 1954 2109; baseline -0.053 0"><span class='ocrx_word' id='word_1_398' title='bbox 1916 2077 1954 2109; x_wconf 79' lang='grc'>70</span> 
     </span>
    </p>
   </div>
  </div>
 </body>
</html>
