<?xml version="1.0" encoding="UTF-8"?>
<!DOCTYPE html PUBLIC "-//W3C//DTD XHTML 1.0 Transitional//EN"
    "http://www.w3.org/TR/xhtml1/DTD/xhtml1-transitional.dtd">
<html xmlns="http://www.w3.org/1999/xhtml" xml:lang="en" lang="en">
 <head>
  <title>
</title>
<meta http-equiv="Content-Type" content="text/html;charset=utf-8" />
  <meta name='ocr-system' content='tesseract 3.04.00' />
  <meta name='ocr-capabilities' content='ocr_page ocr_carea ocr_par ocr_line ocrx_word'/>
</head>
<body>
  <div class='ocr_page' id='page_1' title='image "./epistolaeobscuro00huttuoft_0168.png"; bbox 0 0 2247 3637; ppageno 0'>
   <div class='ocr_carea' id='block_1_1' title="bbox 440 214 2029 273">
    <p class='ocr_par' dir='ltr' id='par_1_1' title="bbox 440 214 2029 273">
     <span class='ocr_line' id='line_1_1' title="bbox 440 214 2029 273; baseline -0.001 -1"><span class='ocrx_word' id='word_1_1' title='bbox 440 216 909 272; x_wconf 84' lang='lat' dir='ltr'>EPISTOLAE</span> <span class='ocrx_word' id='word_1_2' title='bbox 973 215 1565 273; x_wconf 81' lang='lat' dir='ltr'>OBSCURORUM</span> <span class='ocrx_word' id='word_1_3' title='bbox 1619 214 2029 271; x_wconf 82' lang='lat' dir='ltr'>VIRORUM</span> 
     </span>
    </p>
   </div>
   <div class='ocr_carea' id='block_1_2' title="bbox 368 323 2033 992">
    <p class='ocr_par' dir='ltr' id='par_1_2' title="bbox 368 323 2033 992">
     <span class='ocr_line' id='line_1_2' title="bbox 438 323 2027 389; baseline -0.001 -17"><span class='ocrx_word' id='word_1_4' title='bbox 438 342 541 372; x_wconf 91' lang='lat' dir='ltr'><strong>non</strong></span> <span class='ocrx_word' id='word_1_5' title='bbox 587 324 816 380; x_wconf 85' lang='lat' dir='ltr'><strong>fecisset;</strong></span> <span class='ocrx_word' id='word_1_6' title='bbox 865 331 916 372; x_wconf 88' lang='lat' dir='ltr'><strong>et</strong></span> <span class='ocrx_word' id='word_1_7' title='bbox 959 341 1054 389; x_wconf 85' lang='lat' dir='ltr'><strong>ego</strong></span> <span class='ocrx_word' id='word_1_8' title='bbox 1097 324 1261 380; x_wconf 87' lang='lat' dir='ltr'><strong>credo,</strong></span> <span class='ocrx_word' id='word_1_9' title='bbox 1304 324 1424 387; x_wconf 90' lang='lat' dir='ltr'><strong>quia</strong></span> <span class='ocrx_word' id='word_1_10' title='bbox 1463 341 1552 388; x_wconf 88' lang='lat' dir='ltr'><strong>per</strong></span> <span class='ocrx_word' id='word_1_11' title='bbox 1593 325 1746 372; x_wconf 91' lang='lat' dir='ltr'><strong>deum</strong></span> <span class='ocrx_word' id='word_1_12' title='bbox 1789 323 1908 371; x_wconf 86' lang='lat' dir='ltr'><strong>alias</strong></span> <span class='ocrx_word' id='word_1_13' title='bbox 1951 329 2027 371; x_wconf 86' lang='lat' dir='ltr'><strong>est</strong></span> 
     </span>
     <span class='ocr_line' id='line_1_3' title="bbox 438 390 2030 456; baseline -0.002 -16"><span class='ocrx_word' id='word_1_14' title='bbox 438 392 663 440; x_wconf 87' lang='lat' dir='ltr'><strong>honesta.</strong></span> <span class='ocrx_word' id='word_1_15' title='bbox 737 393 810 439; x_wconf 90' lang='lat' dir='ltr'><strong>Et</strong></span> <span class='ocrx_word' id='word_1_16' title='bbox 844 390 1120 456; x_wconf 83' lang='lat' dir='ltr'><strong>imaginavi</strong></span> <span class='ocrx_word' id='word_1_17' title='bbox 1157 391 1281 438; x_wconf 89' lang='lat' dir='ltr'><strong>mihi</strong></span> <span class='ocrx_word' id='word_1_18' title='bbox 1319 408 1481 439; x_wconf 91' lang='lat' dir='ltr'><strong>unum</strong></span> <span class='ocrx_word' id='word_1_19' title='bbox 1517 391 1728 446; x_wconf 89' lang='lat' dir='ltr'><strong>socium,</strong></span> <span class='ocrx_word' id='word_1_20' title='bbox 1755 391 1844 454; x_wconf 90' lang='lat' dir='ltr'><strong>qui</strong></span> <span class='ocrx_word' id='word_1_21' title='bbox 1876 390 2030 438; x_wconf 93' lang='lat' dir='ltr'><strong>debet</strong></span> 
     </span>
     <span class='ocr_line' id='line_1_4' title="bbox 437 457 2030 523; baseline -0.002 -17"><span class='ocrx_word' id='word_1_22' title='bbox 437 459 626 507; x_wconf 83' lang='lat' dir='ltr'><strong>fecisse.</strong></span> <span class='ocrx_word' id='word_1_23' title='bbox 699 459 773 506; x_wconf 89' lang='lat' dir='ltr'><strong>Et</strong></span> <span class='ocrx_word' id='word_1_24' title='bbox 821 458 861 506; x_wconf 90' lang='lat' dir='ltr'><strong>si</strong></span> <span class='ocrx_word' id='word_1_25' title='bbox 906 475 1115 523; x_wconf 89' lang='lat' dir='ltr'><strong>possum</strong></span> <span class='ocrx_word' id='word_1_26' title='bbox 1161 465 1491 522; x_wconf 85' lang='lat' dir='ltr'><strong>perscrutare,</strong></span> <span class='ocrx_word' id='word_1_27' title='bbox 1540 458 1653 505; x_wconf 90' lang='lat' dir='ltr'><strong>dico</strong></span> <span class='ocrx_word' id='word_1_28' title='bbox 1700 457 1843 505; x_wconf 87' lang='lat' dir='ltr'><strong>vobis</strong></span> <span class='ocrx_word' id='word_1_29' title='bbox 1891 457 2030 520; x_wconf 92' lang='lat' dir='ltr'><strong>quod</strong></span> 
     </span>
     <span class='ocr_line' id='line_1_5' title="bbox 437 524 2029 574; baseline -0.003 -1"><span class='ocrx_word' id='word_1_30' title='bbox 437 526 592 573; x_wconf 91' lang='lat' dir='ltr'><strong>debet</strong></span> <span class='ocrx_word' id='word_1_31' title='bbox 640 525 825 574; x_wconf 86' lang='lat' dir='ltr'><strong>habere</strong></span> <span class='ocrx_word' id='word_1_32' title='bbox 872 525 1262 574; x_wconf 87' lang='lat' dir='ltr'><strong>retributionem</strong></span> <span class='ocrx_word' id='word_1_33' title='bbox 1319 541 1479 573; x_wconf 86' lang='lat' dir='ltr'><strong>suam.</strong></span> <span class='ocrx_word' id='word_1_34' title='bbox 1576 525 1677 572; x_wconf 85' lang='lat' dir='ltr'><strong>Sed</strong></span> <span class='ocrx_word' id='word_1_35' title='bbox 1724 525 1826 572; x_wconf 88' lang='lat' dir='ltr'><strong>iam</strong></span> <span class='ocrx_word' id='word_1_36' title='bbox 1874 524 2029 570; x_wconf 89' lang='lat' dir='ltr'><strong>habet</strong></span> 
     </span>
     <span class='ocr_line' id='line_1_6' title="bbox 368 591 2030 657; baseline 0.001 -21"><span class='ocrx_word' id='word_1_37' title='bbox 368 607 406 637; x_wconf 87' lang='lat'><strong>65</strong></span> <span class='ocrx_word' id='word_1_38' title='bbox 439 592 805 640; x_wconf 88' lang='lat' dir='ltr'><strong>amicabiliores</strong></span> <span class='ocrx_word' id='word_1_39' title='bbox 846 599 1019 657; x_wconf 80' lang='lat' dir='ltr'><strong>gestus</strong></span> <span class='ocrx_word' id='word_1_40' title='bbox 1062 609 1177 656; x_wconf 81' lang='lat' dir='ltr'><strong>erga</strong></span> <span class='ocrx_word' id='word_1_41' title='bbox 1215 608 1298 639; x_wconf 91' lang='lat' dir='ltr'><strong>me</strong></span> <span class='ocrx_word' id='word_1_42' title='bbox 1333 609 1490 656; x_wconf 89' lang='lat' dir='ltr'><strong>quam</strong></span> <span class='ocrx_word' id='word_1_43' title='bbox 1532 599 1697 640; x_wconf 86' lang='lat' dir='ltr'><strong>antea.</strong></span> <span class='ocrx_word' id='word_1_44' title='bbox 1770 591 1844 639; x_wconf 92' lang='lat' dir='ltr'><strong>Et</strong></span> <span class='ocrx_word' id='word_1_45' title='bbox 1886 607 2030 655; x_wconf 86' lang='lat' dir='ltr'><strong>spero</strong></span> 
     </span>
     <span class='ocr_line' id='line_1_7' title="bbox 438 657 2031 724; baseline -0.002 -17"><span class='ocrx_word' id='word_1_46' title='bbox 438 659 577 723; x_wconf 91' lang='lat' dir='ltr'><strong>quod</strong></span> <span class='ocrx_word' id='word_1_47' title='bbox 613 676 897 724; x_wconf 84' lang='lat' dir='ltr'>supponam</span> <span class='ocrx_word' id='word_1_48' title='bbox 939 676 1066 707; x_wconf 87' lang='lat' dir='ltr'><strong>eam.</strong></span> <span class='ocrx_word' id='word_1_49' title='bbox 1140 659 1359 707; x_wconf 91' lang='lat' dir='ltr'>Dudum</span> <span class='ocrx_word' id='word_1_50' title='bbox 1402 658 1580 722; x_wconf 87' lang='lat' dir='ltr'><strong>aliquis</strong></span> <span class='ocrx_word' id='word_1_51' title='bbox 1623 659 1754 706; x_wconf 84' lang='lat' dir='ltr'><strong>dixit</strong></span> <span class='ocrx_word' id='word_1_52' title='bbox 1794 658 1854 714; x_wconf 81' lang='lat' dir='ltr'><strong>ei,</strong></span> <span class='ocrx_word' id='word_1_53' title='bbox 1892 657 2031 721; x_wconf 92' lang='lat' dir='ltr'><strong>quod</strong></span> 
     </span>
     <span class='ocr_line' id='line_1_8' title="bbox 439 725 2031 791; baseline -0.001 -17"><span class='ocrx_word' id='word_1_54' title='bbox 439 744 555 775; x_wconf 89' lang='lat' dir='ltr'><strong>sum</strong></span> <span class='ocrx_word' id='word_1_55' title='bbox 580 733 747 791; x_wconf 86' lang='lat' dir='ltr'><strong>poeta,</strong></span> <span class='ocrx_word' id='word_1_56' title='bbox 774 733 825 773; x_wconf 90' lang='lat' dir='ltr'><strong>et</strong></span> <span class='ocrx_word' id='word_1_57' title='bbox 850 727 955 790; x_wconf 87' lang='lat' dir='ltr'><strong>ipsa</strong></span> <span class='ocrx_word' id='word_1_58' title='bbox 981 725 1111 773; x_wconf 84' lang='lat' dir='ltr'><strong>dixit</strong></span> <span class='ocrx_word' id='word_1_59' title='bbox 1134 744 1143 774; x_wconf 92' lang='lat'>:</span> <span class='ocrx_word' id='word_1_60' title='bbox 1172 734 1200 752; x_wconf 86' lang='lat'><strong>“</strong></span> <span class='ocrx_word' id='word_1_61' title='bbox 1218 726 1335 790; x_wconf 83' lang='lat' dir='ltr'><strong>Ego</strong></span> <span class='ocrx_word' id='word_1_62' title='bbox 1361 726 1533 773; x_wconf 86' lang='lat' dir='ltr'><strong>audivi</strong></span> <span class='ocrx_word' id='word_1_63' title='bbox 1557 727 1697 789; x_wconf 92' lang='lat' dir='ltr'><strong>quod</strong></span> <span class='ocrx_word' id='word_1_64' title='bbox 1722 726 1840 773; x_wconf 86' lang='lat' dir='ltr'><strong>estis</strong></span> <span class='ocrx_word' id='word_1_65' title='bbox 1866 726 2031 772; x_wconf 88' lang='lat' dir='ltr'><strong>bonus</strong></span> 
     </span>
     <span class='ocr_line' id='line_1_9' title="bbox 439 791 2032 859; baseline -0.002 -18"><span class='ocrx_word' id='word_1_66' title='bbox 439 800 619 859; x_wconf 89' lang='lat' dir='ltr'><strong>poeta:</strong></span> <span class='ocrx_word' id='word_1_67' title='bbox 645 810 765 857; x_wconf 84' lang='lat' dir='ltr'><strong>ergo</strong></span> <span class='ocrx_word' id='word_1_68' title='bbox 789 793 984 841; x_wconf 88' lang='lat' dir='ltr'><strong>debetis</strong></span> <span class='ocrx_word' id='word_1_69' title='bbox 1010 792 1135 840; x_wconf 89' lang='lat' dir='ltr'><strong>mihi</strong></span> <span class='ocrx_word' id='word_1_70' title='bbox 1161 793 1317 841; x_wconf 88' lang='lat' dir='ltr'><strong>semel</strong></span> <span class='ocrx_word' id='word_1_71' title='bbox 1336 793 1551 841; x_wconf 84' lang='lat' dir='ltr'><strong>scribere</strong></span> <span class='ocrx_word' id='word_1_72' title='bbox 1570 809 1733 840; x_wconf 89' lang='lat' dir='ltr'><strong>unum</strong></span> <span class='ocrx_word' id='word_1_73' title='bbox 1754 808 1985 841; x_wconf 84' lang='lat' dir='ltr'><strong>carmen:</strong></span> <span class='ocrx_word' id='word_1_74' title='bbox 2006 791 2032 807; x_wconf 86' lang='grc'>”</span> 
     </span>
     <span class='ocr_line' id='line_1_10' title="bbox 440 858 2033 925; baseline -0.001 -17"><span class='ocrx_word' id='word_1_75' title='bbox 440 867 491 908; x_wconf 90' lang='lat' dir='ltr'><strong>et</strong></span> <span class='ocrx_word' id='word_1_76' title='bbox 517 877 613 925; x_wconf 84' lang='lat' dir='ltr'><strong>ego</strong></span> <span class='ocrx_word' id='word_1_77' title='bbox 637 861 733 908; x_wconf 86' lang='lat' dir='ltr'><strong>feci</strong></span> <span class='ocrx_word' id='word_1_78' title='bbox 758 860 899 916; x_wconf 86' lang='lat' dir='ltr'><strong>illud,</strong></span> <span class='ocrx_word' id='word_1_79' title='bbox 926 867 977 908; x_wconf 93' lang='lat' dir='ltr'><strong>et</strong></span> <span class='ocrx_word' id='word_1_80' title='bbox 1011 860 1212 908; x_wconf 79' lang='lat' dir='ltr'><strong>cantavi</strong></span> <span class='ocrx_word' id='word_1_81' title='bbox 1248 861 1312 908; x_wconf 92' lang='lat' dir='ltr'><strong>de</strong></span> <span class='ocrx_word' id='word_1_82' title='bbox 1348 876 1457 907; x_wconf 86' lang='lat' dir='ltr'><strong>sero</strong></span> <span class='ocrx_word' id='word_1_83' title='bbox 1486 859 1537 906; x_wconf 92' lang='lat' dir='ltr'><strong>in</strong></span> <span class='ocrx_word' id='word_1_84' title='bbox 1566 859 1735 923; x_wconf 88' lang='lat' dir='ltr'><strong>platea</strong></span> <span class='ocrx_word' id='word_1_85' title='bbox 1763 859 1902 923; x_wconf 91' lang='lat' dir='ltr'><strong>quod</strong></span> <span class='ocrx_word' id='word_1_86' title='bbox 1926 858 2033 922; x_wconf 82' lang='lat' dir='ltr'><strong>ipsa</strong></span> 
     </span>
     <span class='ocr_line' id='line_1_11' title="bbox 369 925 1921 992; baseline -0.004 -13"><span class='ocrx_word' id='word_1_87' title='bbox 369 947 407 979; x_wconf 85' lang='lat'><strong>70</strong></span> <span class='ocrx_word' id='word_1_88' title='bbox 441 928 666 983; x_wconf 87' lang='lat' dir='ltr'><strong>audivit;</strong></span> <span class='ocrx_word' id='word_1_89' title='bbox 700 933 752 974; x_wconf 92' lang='lat' dir='ltr'><strong>et</strong></span> <span class='ocrx_word' id='word_1_90' title='bbox 778 935 955 991; x_wconf 86' lang='lat' dir='ltr'><strong>postea</strong></span> <span class='ocrx_word' id='word_1_91' title='bbox 980 928 1192 992; x_wconf 84' lang='lat' dir='ltr'>exposui</span> <span class='ocrx_word' id='word_1_92' title='bbox 1217 927 1263 975; x_wconf 90' lang='lat' dir='ltr'><strong>ei</strong></span> <span class='ocrx_word' id='word_1_93' title='bbox 1286 925 1578 983; x_wconf 82' lang='lat' dir='ltr'><strong>teutonice3</strong></span> <span class='ocrx_word' id='word_1_94' title='bbox 1616 933 1669 974; x_wconf 92' lang='lat' dir='ltr'><strong>et</strong></span> <span class='ocrx_word' id='word_1_95' title='bbox 1694 932 1770 974; x_wconf 87' lang='lat' dir='ltr'><strong>est</strong></span> <span class='ocrx_word' id='word_1_96' title='bbox 1795 927 1891 974; x_wconf 89' lang='lat' dir='ltr'><strong>hoc</strong></span> <span class='ocrx_word' id='word_1_97' title='bbox 1912 943 1921 973; x_wconf 90' lang='lat'>:</span> 
     </span>
    </p>
   </div>
   <div class='ocr_carea' id='block_1_3' title="bbox 369 1043 1729 1364">
    <p class='ocr_par' dir='ltr' id='par_1_3' title="bbox 369 1043 1729 1364">
     <span class='ocr_line' id='line_1_12' title="bbox 658 1043 1720 1090; baseline 0 -10"><span class='ocrx_word' id='word_1_98' title='bbox 658 1044 694 1082; x_wconf 91' lang='lat' dir='ltr'>O</span> <span class='ocrx_word' id='word_1_99' title='bbox 716 1045 820 1080; x_wconf 90' lang='lat' dir='ltr'><strong>alma</strong></span> <span class='ocrx_word' id='word_1_100' title='bbox 840 1044 990 1089; x_wconf 85' lang='lat' dir='ltr'><strong>Venus,</strong></span> <span class='ocrx_word' id='word_1_101' title='bbox 1009 1047 1154 1081; x_wconf 90' lang='lat' dir='ltr'><strong>amoris</strong></span> <span class='ocrx_word' id='word_1_102' title='bbox 1175 1046 1377 1080; x_wconf 80' lang='lat' dir='ltr'><strong>inventrix</strong></span> <span class='ocrx_word' id='word_1_103' title='bbox 1398 1048 1441 1079; x_wconf 85' lang='lat' dir='ltr'><strong>et</strong></span> <span class='ocrx_word' id='word_1_104' title='bbox 1462 1043 1720 1090; x_wconf 82' lang='lat' dir='ltr'><strong>dominatrix,</strong></span> 
     </span>
     <span class='ocr_line' id='line_1_13' title="bbox 711 1098 1531 1144; baseline -0.002 -10"><span class='ocrx_word' id='word_1_105' title='bbox 711 1098 846 1144; x_wconf 81' lang='lat' dir='ltr'>Quare</span> <span class='ocrx_word' id='word_1_106' title='bbox 867 1103 958 1135; x_wconf 87' lang='lat' dir='ltr'><strong>tuus</strong></span> <span class='ocrx_word' id='word_1_107' title='bbox 980 1098 1082 1135; x_wconf 87' lang='lat' dir='ltr'><strong>filius</strong></span> <span class='ocrx_word' id='word_1_108' title='bbox 1102 1103 1165 1135; x_wconf 86' lang='lat' dir='ltr'><strong>est</strong></span> <span class='ocrx_word' id='word_1_109' title='bbox 1184 1100 1369 1134; x_wconf 87' lang='lat' dir='ltr'><strong>inimicus</strong></span> <span class='ocrx_word' id='word_1_110' title='bbox 1389 1098 1531 1133; x_wconf 86' lang='lat' dir='ltr'><strong>meus?</strong></span> 
     </span>
     <span class='ocr_line' id='line_1_14' title="bbox 658 1150 1694 1202; baseline 0 -14"><span class='ocrx_word' id='word_1_111' title='bbox 658 1153 694 1190; x_wconf 93' lang='lat' dir='ltr'>O</span> <span class='ocrx_word' id='word_1_112' title='bbox 716 1152 883 1201; x_wconf 84' lang='lat' dir='ltr'><strong>pulchra</strong></span> <span class='ocrx_word' id='word_1_113' title='bbox 904 1152 1125 1196; x_wconf 84' lang='lat' dir='ltr'><strong>Dorothea,</strong></span> <span class='ocrx_word' id='word_1_114' title='bbox 1146 1165 1265 1202; x_wconf 89' lang='lat' dir='ltr'><strong>quam</strong></span> <span class='ocrx_word' id='word_1_115' title='bbox 1287 1165 1365 1201; x_wconf 83' lang='lat' dir='ltr'><strong>ego</strong></span> <span class='ocrx_word' id='word_1_116' title='bbox 1385 1150 1491 1199; x_wconf 75' lang='lat' dir='ltr'><strong>elegi</strong></span> <span class='ocrx_word' id='word_1_117' title='bbox 1511 1154 1694 1198; x_wconf 83' lang='lat' dir='ltr'><strong>amicam,</strong></span> 
     </span>
     <span class='ocr_line' id='line_1_15' title="bbox 712 1205 1538 1256; baseline -0.002 -14"><span class='ocrx_word' id='word_1_118' title='bbox 712 1206 789 1243; x_wconf 89' lang='lat' dir='ltr'><strong>Fac</strong></span> <span class='ocrx_word' id='word_1_119' title='bbox 810 1206 908 1242; x_wconf 90' lang='lat' dir='ltr'><strong>mihi</strong></span> <span class='ocrx_word' id='word_1_120' title='bbox 930 1210 1052 1243; x_wconf 83' lang='lat' dir='ltr'><strong>etiam</strong></span> <span class='ocrx_word' id='word_1_121' title='bbox 1073 1207 1128 1242; x_wconf 89' lang='lat' dir='ltr'><strong>sic</strong></span> <span class='ocrx_word' id='word_1_122' title='bbox 1148 1206 1322 1256; x_wconf 85' lang='lat' dir='ltr'><strong>qualiter</strong></span> <span class='ocrx_word' id='word_1_123' title='bbox 1343 1218 1418 1253; x_wconf 84' lang='lat' dir='ltr'><strong>ego</strong></span> <span class='ocrx_word' id='word_1_124' title='bbox 1440 1205 1538 1241; x_wconf 85' lang='lat' dir='ltr'><strong>tibi:</strong></span> 
     </span>
     <span class='ocr_line' id='line_1_16' title="bbox 369 1259 1729 1308; baseline 0 -12"><span class='ocrx_word' id='word_1_125' title='bbox 369 1264 407 1296; x_wconf 83' lang='lat'><strong>75</strong></span> <span class='ocrx_word' id='word_1_126' title='bbox 659 1260 864 1297; x_wconf 87' lang='lat' dir='ltr'><strong>Pulchrior</strong></span> <span class='ocrx_word' id='word_1_127' title='bbox 883 1273 925 1297; x_wconf 89' lang='lat' dir='ltr'><strong>es</strong></span> <span class='ocrx_word' id='word_1_128' title='bbox 946 1266 990 1297; x_wconf 85' lang='lat' dir='ltr'><strong>tu</strong></span> <span class='ocrx_word' id='word_1_129' title='bbox 1010 1263 1118 1297; x_wconf 86' lang='lat' dir='ltr'><strong>inter</strong></span> <span class='ocrx_word' id='word_1_130' title='bbox 1136 1273 1276 1297; x_wconf 88' lang='lat' dir='ltr'><strong>omnes</strong></span> <span class='ocrx_word' id='word_1_131' title='bbox 1296 1259 1413 1295; x_wconf 89' lang='lat' dir='ltr'><strong>huius</strong></span> <span class='ocrx_word' id='word_1_132' title='bbox 1434 1259 1541 1295; x_wconf 86' lang='lat' dir='ltr'><strong>urbis</strong></span> <span class='ocrx_word' id='word_1_133' title='bbox 1562 1259 1729 1308; x_wconf 86' lang='lat' dir='ltr'><strong>puellas,</strong></span> 
     </span>
     <span class='ocr_line' id='line_1_17' title="bbox 711 1313 1682 1364; baseline -0.001 -13"><span class='ocrx_word' id='word_1_134' title='bbox 711 1314 764 1351; x_wconf 88' lang='lat' dir='ltr'><strong>Et</strong></span> <span class='ocrx_word' id='word_1_135' title='bbox 785 1314 972 1364; x_wconf 84' lang='lat' dir='ltr'><strong>splendes</strong></span> <span class='ocrx_word' id='word_1_136' title='bbox 994 1317 1098 1351; x_wconf 83' lang='lat' dir='ltr'><strong>sicut</strong></span> <span class='ocrx_word' id='word_1_137' title='bbox 1119 1314 1249 1358; x_wconf 85' lang='lat' dir='ltr'><strong>stella,</strong></span> <span class='ocrx_word' id='word_1_138' title='bbox 1271 1319 1313 1350; x_wconf 87' lang='lat' dir='ltr'><strong>et</strong></span> <span class='ocrx_word' id='word_1_139' title='bbox 1333 1313 1440 1349; x_wconf 82' lang='lat' dir='ltr'><strong>rides</strong></span> <span class='ocrx_word' id='word_1_140' title='bbox 1460 1315 1565 1350; x_wconf 87' lang='lat' dir='ltr'><strong>sicut</strong></span> <span class='ocrx_word' id='word_1_141' title='bbox 1584 1326 1682 1351; x_wconf 88' lang='lat' dir='ltr'><strong>rosa.</strong></span> 
     </span>
    </p>
   </div>
   <div class='ocr_carea' id='block_1_4' title="bbox 371 1417 2041 1871">
    <p class='ocr_par' dir='ltr' id='par_1_4' title="bbox 442 1417 2038 1618">
     <span class='ocr_line' id='line_1_18' title="bbox 546 1417 2038 1484; baseline -0.002 -17"><span class='ocrx_word' id='word_1_142' title='bbox 546 1420 665 1484; x_wconf 85' lang='lat' dir='ltr'><strong>Ipsa</strong></span> <span class='ocrx_word' id='word_1_143' title='bbox 699 1419 830 1467; x_wconf 76' lang='lat' dir='ltr'><strong>dixit</strong></span> <span class='ocrx_word' id='word_1_144' title='bbox 865 1419 1006 1483; x_wconf 90' lang='lat' dir='ltr'><strong>quod</strong></span> <span class='ocrx_word' id='word_1_145' title='bbox 1036 1419 1150 1466; x_wconf 87' lang='lat' dir='ltr'><strong>vult</strong></span> <span class='ocrx_word' id='word_1_146' title='bbox 1185 1436 1274 1484; x_wconf 90' lang='lat' dir='ltr'><strong>per</strong></span> <span class='ocrx_word' id='word_1_147' title='bbox 1311 1433 1455 1466; x_wconf 88' lang='lat' dir='ltr'><strong>suam</strong></span> <span class='ocrx_word' id='word_1_148' title='bbox 1481 1417 1642 1465; x_wconf 88' lang='lat' dir='ltr'><strong>vitam</strong></span> <span class='ocrx_word' id='word_1_149' title='bbox 1678 1434 1876 1466; x_wconf 84' lang='lat' dir='ltr'><strong>servare</strong></span> <span class='ocrx_word' id='word_1_150' title='bbox 1912 1417 2038 1465; x_wconf 91' lang='lat' dir='ltr'><strong>illud</strong></span> 
     </span>
     <span class='ocr_line' id='line_1_19' title="bbox 442 1485 2038 1552; baseline -0.002 -18"><span class='ocrx_word' id='word_1_151' title='bbox 442 1494 650 1552; x_wconf 88' lang='lat' dir='ltr'><strong>propter</strong></span> <span class='ocrx_word' id='word_1_152' title='bbox 673 1503 769 1534; x_wconf 90' lang='lat' dir='ltr'><strong>me.</strong></span> <span class='ocrx_word' id='word_1_153' title='bbox 844 1487 950 1534; x_wconf 89' lang='lat' dir='ltr'><strong>Vos</strong></span> <span class='ocrx_word' id='word_1_154' title='bbox 975 1486 1170 1535; x_wconf 89' lang='lat' dir='ltr'><strong>debetis</strong></span> <span class='ocrx_word' id='word_1_155' title='bbox 1195 1486 1321 1533; x_wconf 90' lang='lat' dir='ltr'><strong>mihi</strong></span> <span class='ocrx_word' id='word_1_156' title='bbox 1346 1485 1463 1531; x_wconf 86' lang='lat' dir='ltr'><strong>dare</strong></span> <span class='ocrx_word' id='word_1_157' title='bbox 1484 1485 1751 1533; x_wconf 89' lang='lat' dir='ltr'><strong>consilium</strong></span> <span class='ocrx_word' id='word_1_158' title='bbox 1777 1485 2038 1548; x_wconf 92' lang='lat' dir='ltr'><strong>quomodo</strong></span> 
     </span>
     <span class='ocr_line' id='line_1_20' title="bbox 443 1552 2037 1618; baseline -0.001 -17"><span class='ocrx_word' id='word_1_159' title='bbox 443 1555 604 1602; x_wconf 89' lang='lat' dir='ltr'><strong>debeo</strong></span> <span class='ocrx_word' id='word_1_160' title='bbox 629 1571 713 1602; x_wconf 93' lang='lat' dir='ltr'><strong>me</strong></span> <span class='ocrx_word' id='word_1_161' title='bbox 737 1569 925 1618; x_wconf 84' lang='lat' dir='ltr'><strong>regere,</strong></span> <span class='ocrx_word' id='word_1_162' title='bbox 952 1559 1004 1600; x_wconf 93' lang='lat' dir='ltr'><strong>et</strong></span> <span class='ocrx_word' id='word_1_163' title='bbox 1040 1553 1301 1617; x_wconf 90' lang='lat' dir='ltr'><strong>quomodo</strong></span> <span class='ocrx_word' id='word_1_164' title='bbox 1337 1552 1498 1600; x_wconf 91' lang='lat' dir='ltr'>debeo</span> <span class='ocrx_word' id='word_1_165' title='bbox 1534 1553 1698 1600; x_wconf 86' lang='lat' dir='ltr'><strong>facere</strong></span> <span class='ocrx_word' id='word_1_166' title='bbox 1723 1552 1861 1616; x_wconf 91' lang='lat' dir='ltr'><strong>quod</strong></span> <span class='ocrx_word' id='word_1_167' title='bbox 1898 1557 2037 1599; x_wconf 86' lang='lat' dir='ltr'><strong>amat</strong></span> 
     </span>
    </p>

    <p class='ocr_par' dir='ltr' id='par_1_5' title="bbox 371 1617 2041 1871">
     <span class='ocr_line' id='line_1_21' title="bbox 371 1617 2039 1685; baseline -0.004 -14"><span class='ocrx_word' id='word_1_168' title='bbox 371 1642 408 1671; x_wconf 86' lang='lat'><strong>80</strong></span> <span class='ocrx_word' id='word_1_169' title='bbox 444 1638 538 1669; x_wconf 86' lang='lat' dir='ltr'><strong>me.</strong></span> <span class='ocrx_word' id='word_1_170' title='bbox 612 1620 686 1668; x_wconf 89' lang='lat' dir='ltr'><strong>Et</strong></span> <span class='ocrx_word' id='word_1_171' title='bbox 721 1621 938 1685; x_wconf 86' lang='lat' dir='ltr'><strong>parcatis</strong></span> <span class='ocrx_word' id='word_1_172' title='bbox 974 1619 1098 1667; x_wconf 86' lang='lat' dir='ltr'><strong>mihi</strong></span> <span class='ocrx_word' id='word_1_173' title='bbox 1137 1621 1275 1684; x_wconf 91' lang='lat' dir='ltr'><strong>quod</strong></span> <span class='ocrx_word' id='word_1_174' title='bbox 1313 1619 1387 1667; x_wconf 84' lang='lat' dir='ltr'><strong>fui</strong></span> <span class='ocrx_word' id='word_1_175' title='bbox 1425 1617 1497 1666; x_wconf 78' lang='lat' dir='ltr'><strong>ita</strong></span> <span class='ocrx_word' id='word_1_176' title='bbox 1534 1636 1737 1685; x_wconf 83' lang='lat' dir='ltr'><strong>grossus</strong></span> <span class='ocrx_word' id='word_1_177' title='bbox 1776 1619 2039 1667; x_wconf 88' lang='lat' dir='ltr'><strong>scribendo</strong></span> 
     </span>
     <span class='ocr_line' id='line_1_22' title="bbox 445 1687 2041 1743; baseline -0.002 -8"><span class='ocrx_word' id='word_1_178' title='bbox 445 1689 506 1735; x_wconf 85' lang='lat' dir='ltr'><strong>ad</strong></span> <span class='ocrx_word' id='word_1_179' title='bbox 537 1687 941 1735; x_wconf 84' lang='lat' dir='ltr'><strong>dominationem</strong></span> <span class='ocrx_word' id='word_1_180' title='bbox 971 1694 1207 1736; x_wconf 86' lang='lat' dir='ltr'><strong>vestram.</strong></span> <span class='ocrx_word' id='word_1_181' title='bbox 1282 1687 1420 1743; x_wconf 83' lang='lat' dir='ltr'><strong>Quia</strong></span> <span class='ocrx_word' id='word_1_182' title='bbox 1459 1693 1536 1735; x_wconf 87' lang='lat' dir='ltr'><strong>est</strong></span> <span class='ocrx_word' id='word_1_183' title='bbox 1572 1687 1890 1736; x_wconf 90' lang='lat' dir='ltr'><strong>consuetudo</strong></span> <span class='ocrx_word' id='word_1_184' title='bbox 1927 1703 2041 1733; x_wconf 88' lang='lat' dir='ltr'><strong>mea</strong></span> 
     </span>
     <span class='ocr_line' id='line_1_23' title="bbox 445 1753 2040 1818; baseline -0.001 -16"><span class='ocrx_word' id='word_1_185' title='bbox 445 1756 584 1818; x_wconf 91' lang='lat' dir='ltr'><strong>quod</strong></span> <span class='ocrx_word' id='word_1_186' title='bbox 622 1771 735 1802; x_wconf 81' lang='lat' dir='ltr'><strong>suin</strong></span> <span class='ocrx_word' id='word_1_187' title='bbox 773 1754 970 1802; x_wconf 87' lang='lat' dir='ltr'><strong>socialis</strong></span> <span class='ocrx_word' id='word_1_188' title='bbox 1008 1771 1126 1802; x_wconf 90' lang='lat' dir='ltr'><strong>cum</strong></span> <span class='ocrx_word' id='word_1_189' title='bbox 1162 1755 1337 1803; x_wconf 87' lang='lat' dir='ltr'><strong>amicis</strong></span> <span class='ocrx_word' id='word_1_190' title='bbox 1374 1753 1513 1806; x_wconf 80' lang='lat' dir='ltr'><strong>meis.</strong></span> <span class='ocrx_word' id='word_1_191' title='bbox 1587 1754 1717 1803; x_wconf 87' lang='lat' dir='ltr'><strong>Vale</strong></span> <span class='ocrx_word' id='word_1_192' title='bbox 1749 1753 1800 1801; x_wconf 90' lang='lat' dir='ltr'><strong>in</strong></span> <span class='ocrx_word' id='word_1_193' title='bbox 1831 1753 2040 1801; x_wconf 90' lang='lat' dir='ltr'><strong>nomine</strong></span> 
     </span>
     <span class='ocr_line' id='line_1_24' title="bbox 444 1821 711 1871; baseline -0.004 -1"><span class='ocrx_word' id='word_1_194' title='bbox 444 1821 711 1871; x_wconf 89' lang='lat' dir='ltr'><strong>benedicti.</strong></span> 
     </span>
    </p>
   </div>
   <div class='ocr_carea' id='block_1_5' title="bbox 554 1907 862 1944">
    <p class='ocr_par' dir='ltr' id='par_1_6' title="bbox 554 1907 862 1944">
     <span class='ocr_line' id='line_1_25' title="bbox 554 1907 862 1944; baseline 0 0"><span class='ocrx_word' id='word_1_195' title='bbox 554 1907 614 1944; x_wconf 88' lang='lat' dir='ltr'><strong>Ex</strong></span> <span class='ocrx_word' id='word_1_196' title='bbox 647 1907 862 1944; x_wconf 75' lang='lat' dir='ltr'>LYPTZICK.</span> 
     </span>
    </p>
   </div>
   <div class='ocr_carea' id='block_1_6' title="bbox 1157 2029 1333 2076">
    <p class='ocr_par' dir='ltr' id='par_1_7' title="bbox 1157 2029 1333 2076">
     <span class='ocr_line' id='line_1_26' title="bbox 1157 2029 1333 2076; baseline 0.006 -1"><span class='ocrx_word' id='word_1_197' title='bbox 1157 2029 1333 2076; x_wconf 83' lang='lat' dir='ltr'>XXII</span> 
     </span>
    </p>
   </div>
   <div class='ocr_carea' id='block_1_7' title="bbox 620 2160 1882 2278">
    <p class='ocr_par' dir='ltr' id='par_1_8' title="bbox 620 2160 1882 2278">
     <span class='ocr_line' id='line_1_27' title="bbox 620 2160 1882 2211; baseline -0.003 0"><span class='ocrx_word' id='word_1_198' title='bbox 620 2163 682 2211; x_wconf 65' lang='lat' dir='ltr'><strong>«I</strong></span> <span class='ocrx_word' id='word_1_199' title='bbox 723 2162 1130 2210; x_wconf 79' lang='lat' dir='ltr'><em>GERHARD</em></span> <span class='ocrx_word' id='word_1_200' title='bbox 1140 2162 1233 2209; x_wconf 74' lang='lat' dir='ltr'><strong>US</strong></span> <span class='ocrx_word' id='word_1_201' title='bbox 1273 2162 1568 2211; x_wconf 79' lang='lat' dir='ltr'><em>SCHIRR</em></span> <span class='ocrx_word' id='word_1_202' title='bbox 1578 2160 1882 2209; x_wconf 79' lang='lat' dir='ltr'><em>UGLIUS</em></span> 
     </span>
     <span class='ocr_line' id='line_1_28' title="bbox 974 2229 1518 2278; baseline 0 -2"><span class='ocrx_word' id='word_1_203' title='bbox 974 2229 1052 2276; x_wconf 84' lang='lat' dir='ltr'><strong>M.</strong></span> <span class='ocrx_word' id='word_1_204' title='bbox 1086 2229 1301 2278; x_wconf 74' lang='lat' dir='ltr'><strong>Ortvino</strong></span> <span class='ocrx_word' id='word_1_205' title='bbox 1329 2229 1518 2278; x_wconf 74' lang='lat' dir='ltr'><strong>Gratio</strong></span> 
     </span>
    </p>
   </div>
   <div class='ocr_carea' id='block_1_8' title="bbox 773 2361 1809 2462">
    <p class='ocr_par' dir='ltr' id='par_1_9' title="bbox 773 2361 1809 2462">
     <span class='ocr_line' id='line_1_29' title="bbox 773 2361 1797 2414; baseline -0.001 -16"><span class='ocrx_word' id='word_1_206' title='bbox 773 2363 935 2398; x_wconf 77' lang='lat' dir='ltr'><strong>Salutem</strong></span> <span class='ocrx_word' id='word_1_207' title='bbox 951 2363 1036 2399; x_wconf 66' lang='lat' dir='ltr'><strong>dicit</strong></span> <span class='ocrx_word' id='word_1_208' title='bbox 1056 2363 1197 2399; x_wconf 51' lang='lat' dir='ltr'><strong>*variam</strong></span> <span class='ocrx_word' id='word_1_209' title='bbox 1251 2377 1320 2414; x_wconf 78' lang='lat' dir='ltr'><strong>per</strong></span> <span class='ocrx_word' id='word_1_210' title='bbox 1339 2363 1476 2400; x_wconf 75' lang='lat' dir='ltr'><strong>domini</strong></span> <span class='ocrx_word' id='word_1_211' title='bbox 1496 2362 1611 2400; x_wconf 77' lang='lat' dir='ltr'><strong>nostri</strong></span> <span class='ocrx_word' id='word_1_212' title='bbox 1627 2361 1797 2413; x_wconf 83' lang='lat' dir='ltr'><strong>gloriam,</strong></span> 
     </span>
     <span class='ocr_line' id='line_1_30' title="bbox 773 2415 1809 2462; baseline -0.001 -10"><span class='ocrx_word' id='word_1_213' title='bbox 773 2416 845 2458; x_wconf 74' lang='lat' dir='ltr'><strong>Qui</strong></span> <span class='ocrx_word' id='word_1_214' title='bbox 867 2417 1062 2453; x_wconf 66' lang='lat' dir='ltr'><strong>resurrexit</strong></span> <span class='ocrx_word' id='word_1_215' title='bbox 1083 2431 1106 2453; x_wconf 85' lang='lat' dir='ltr'><strong><em>a</em></strong></span> <span class='ocrx_word' id='word_1_216' title='bbox 1126 2417 1288 2462; x_wconf 75' lang='lat' dir='ltr'><strong>mortuis,</strong></span> <span class='ocrx_word' id='word_1_217' title='bbox 1346 2423 1378 2454; x_wconf 79' lang='lat' dir='ltr'><strong>et</strong></span> <span class='ocrx_word' id='word_1_218' title='bbox 1398 2431 1492 2454; x_wconf 78' lang='lat' dir='ltr'><strong>nunc</strong></span> <span class='ocrx_word' id='word_1_219' title='bbox 1511 2417 1610 2454; x_wconf 75' lang='lat' dir='ltr'><strong>sedet</strong></span> <span class='ocrx_word' id='word_1_220' title='bbox 1629 2416 1666 2452; x_wconf 76' lang='lat' dir='ltr'><strong>in</strong></span> <span class='ocrx_word' id='word_1_221' title='bbox 1686 2415 1809 2453; x_wconf 70' lang='lat' dir='ltr'><strong>caelis.</strong></span> 
     </span>
    </p>
   </div>
   <div class='ocr_carea' id='block_1_9' title="bbox 384 2536 2047 3001">
    <p class='ocr_par' dir='ltr' id='par_1_10' title="bbox 384 2536 2047 3001">
     <span class='ocr_line' id='line_1_31' title="bbox 398 2536 2044 2600; baseline -0.002 -15"><span class='ocrx_word' id='word_1_222' title='bbox 398 2563 416 2593; x_wconf 84' lang='lat'>5</span> <span class='ocrx_word' id='word_1_223' title='bbox 591 2536 1021 2585; x_wconf 83' lang='lat' dir='ltr'><strong>ONORANDE</strong></span> <span class='ocrx_word' id='word_1_224' title='bbox 1062 2537 1149 2592; x_wconf 89' lang='lat' dir='ltr'><strong>vir,</strong></span> <span class='ocrx_word' id='word_1_225' title='bbox 1187 2537 1397 2585; x_wconf 89' lang='lat' dir='ltr'><strong>notifico</strong></span> <span class='ocrx_word' id='word_1_226' title='bbox 1433 2536 1576 2584; x_wconf 90' lang='lat' dir='ltr'><strong>vobis</strong></span> <span class='ocrx_word' id='word_1_227' title='bbox 1613 2536 1752 2600; x_wconf 91' lang='lat' dir='ltr'><strong>quod</strong></span> <span class='ocrx_word' id='word_1_228' title='bbox 1791 2551 1893 2582; x_wconf 92' lang='lat' dir='ltr'><strong>non</strong></span> <span class='ocrx_word' id='word_1_229' title='bbox 1930 2551 2044 2581; x_wconf 91' lang='lat' dir='ltr'><strong>sum</strong></span> 
     </span>
     <span class='ocr_line' id='line_1_32' title="bbox 622 2600 2044 2667; baseline -0.004 -15"><span class='ocrx_word' id='word_1_230' title='bbox 622 2604 840 2652; x_wconf 87' lang='lat' dir='ltr'><strong>libenter</strong></span> <span class='ocrx_word' id='word_1_231' title='bbox 886 2603 981 2658; x_wconf 84' lang='lat' dir='ltr'><strong>hic,</strong></span> <span class='ocrx_word' id='word_1_232' title='bbox 1032 2610 1083 2650; x_wconf 90' lang='lat' dir='ltr'><strong>et</strong></span> <span class='ocrx_word' id='word_1_233' title='bbox 1135 2604 1363 2667; x_wconf 84' lang='lat' dir='ltr'><strong>paenitet</strong></span> <span class='ocrx_word' id='word_1_234' title='bbox 1410 2620 1493 2651; x_wconf 92' lang='lat' dir='ltr'><strong>me</strong></span> <span class='ocrx_word' id='word_1_235' title='bbox 1540 2603 1678 2667; x_wconf 92' lang='lat' dir='ltr'><strong>quod</strong></span> <span class='ocrx_word' id='word_1_236' title='bbox 1733 2618 1832 2649; x_wconf 92' lang='lat' dir='ltr'><strong>non</strong></span> <span class='ocrx_word' id='word_1_237' title='bbox 1882 2600 2044 2648; x_wconf 87' lang='lat' dir='ltr'><strong>mansi</strong></span> 
     </span>
     <span class='ocr_line' id='line_1_33' title="bbox 455 2668 2045 2736; baseline -0.003 -17"><span class='ocrx_word' id='word_1_238' title='bbox 455 2672 699 2719; x_wconf 90' lang='lat' dir='ltr'><strong>Coloniae</strong></span> <span class='ocrx_word' id='word_1_239' title='bbox 725 2670 861 2736; x_wconf 87' lang='lat' dir='ltr'><strong>apud</strong></span> <span class='ocrx_word' id='word_1_240' title='bbox 886 2687 990 2726; x_wconf 86' lang='lat' dir='ltr'><strong>vos,</strong></span> <span class='ocrx_word' id='word_1_241' title='bbox 1019 2670 1106 2718; x_wconf 91' lang='lat' dir='ltr'><strong>ubi</strong></span> <span class='ocrx_word' id='word_1_242' title='bbox 1142 2670 1288 2734; x_wconf 91' lang='lat' dir='ltr'><strong>potui</strong></span> <span class='ocrx_word' id='word_1_243' title='bbox 1314 2670 1495 2718; x_wconf 86' lang='lat' dir='ltr'><strong>melius</strong></span> <span class='ocrx_word' id='word_1_244' title='bbox 1526 2670 1781 2734; x_wconf 88' lang='lat' dir='ltr'><strong>proficere.</strong></span> <span class='ocrx_word' id='word_1_245' title='bbox 1855 2668 1929 2715; x_wconf 90' lang='lat' dir='ltr'><strong>Et</strong></span> <span class='ocrx_word' id='word_1_246' title='bbox 1954 2684 2045 2715; x_wconf 88' lang='lat' dir='ltr'><strong>vos</strong></span> 
     </span>
     <span class='ocr_line' id='line_1_34' title="bbox 454 2735 2045 2802; baseline -0.003 -16"><span class='ocrx_word' id='word_1_247' title='bbox 454 2738 746 2802; x_wconf 81' lang='lat' dir='ltr'><strong>potuissetis</strong></span> <span class='ocrx_word' id='word_1_248' title='bbox 795 2755 878 2785; x_wconf 91' lang='lat' dir='ltr'><strong>me</strong></span> <span class='ocrx_word' id='word_1_249' title='bbox 924 2737 1088 2785; x_wconf 88' lang='lat' dir='ltr'><strong>facere</strong></span> <span class='ocrx_word' id='word_1_250' title='bbox 1137 2737 1331 2784; x_wconf 92' lang='lat' dir='ltr'><strong>bonum</strong></span> <span class='ocrx_word' id='word_1_251' title='bbox 1383 2736 1590 2792; x_wconf 84' lang='lat' dir='ltr'><strong>loicum,</strong></span> <span class='ocrx_word' id='word_1_252' title='bbox 1640 2742 1691 2782; x_wconf 88' lang='lat' dir='ltr'><strong>et</strong></span> <span class='ocrx_word' id='word_1_253' title='bbox 1738 2735 1895 2783; x_wconf 87' lang='lat' dir='ltr'><strong>etiam</strong></span> <span class='ocrx_word' id='word_1_254' title='bbox 1953 2751 2045 2799; x_wconf 91' lang='lat' dir='ltr'><strong>pro</strong></span> 
     </span>
     <span class='ocr_line' id='line_1_35' title="bbox 454 2801 2045 2870; baseline -0.002 -18"><span class='ocrx_word' id='word_1_255' title='bbox 454 2812 599 2869; x_wconf 82' lang='lat' dir='ltr'><strong>parte</strong></span> <span class='ocrx_word' id='word_1_256' title='bbox 646 2812 867 2870; x_wconf 88' lang='lat' dir='ltr'><strong>poetam.</strong></span> <span class='ocrx_word' id='word_1_257' title='bbox 941 2805 1015 2852; x_wconf 87' lang='lat' dir='ltr'><strong>Et</strong></span> <span class='ocrx_word' id='word_1_258' title='bbox 1057 2805 1107 2852; x_wconf 87' lang='lat' dir='ltr'><strong>in</strong></span> <span class='ocrx_word' id='word_1_259' title='bbox 1151 2803 1366 2851; x_wconf 87' lang='lat' dir='ltr'><strong>Colonia</strong></span> <span class='ocrx_word' id='word_1_260' title='bbox 1412 2809 1533 2851; x_wconf 86' lang='lat' dir='ltr'><strong>sunt</strong></span> <span class='ocrx_word' id='word_1_261' title='bbox 1580 2802 1812 2850; x_wconf 88' lang='lat' dir='ltr'><strong>homines</strong></span> <span class='ocrx_word' id='word_1_262' title='bbox 1853 2801 2045 2858; x_wconf 87' lang='lat' dir='ltr'><strong>devoti,</strong></span> 
     </span>
     <span class='ocr_line' id='line_1_36' title="bbox 384 2868 2047 2926; baseline -0.002 -7"><span class='ocrx_word' id='word_1_263' title='bbox 384 2897 421 2925; x_wconf 83' lang='lat'><strong>10</strong></span> <span class='ocrx_word' id='word_1_264' title='bbox 455 2879 507 2919; x_wconf 85' lang='lat' dir='ltr'><strong>et</strong></span> <span class='ocrx_word' id='word_1_265' title='bbox 553 2872 771 2921; x_wconf 87' lang='lat' dir='ltr'><strong>libenter</strong></span> <span class='ocrx_word' id='word_1_266' title='bbox 818 2872 1029 2920; x_wconf 82' lang='lat' dir='ltr'><strong>visitant</strong></span> <span class='ocrx_word' id='word_1_267' title='bbox 1076 2870 1326 2926; x_wconf 86' lang='lat' dir='ltr'><strong>ecclesias,</strong></span> <span class='ocrx_word' id='word_1_268' title='bbox 1369 2877 1421 2918; x_wconf 89' lang='lat' dir='ltr'><strong>et</strong></span> <span class='ocrx_word' id='word_1_269' title='bbox 1463 2871 1514 2917; x_wconf 92' lang='lat' dir='ltr'><strong>in</strong></span> <span class='ocrx_word' id='word_1_270' title='bbox 1556 2868 1809 2916; x_wconf 89' lang='lat' dir='ltr'><strong>dominica</strong></span> <span class='ocrx_word' id='word_1_271' title='bbox 1850 2869 2047 2916; x_wconf 88' lang='lat' dir='ltr'><strong>vadunt</strong></span> 
     </span>
     <span class='ocr_line' id='line_1_37' title="bbox 455 2936 2042 3001; baseline -0.001 -16"><span class='ocrx_word' id='word_1_272' title='bbox 455 2940 519 2986; x_wconf 83' lang='lat' dir='ltr'><strong>ad</strong></span> <span class='ocrx_word' id='word_1_273' title='bbox 561 2956 862 2987; x_wconf 87' lang='lat' dir='ltr'><strong>sermonem.</strong></span> <span class='ocrx_word' id='word_1_274' title='bbox 935 2939 1008 2986; x_wconf 86' lang='lat' dir='ltr'><strong>Et</strong></span> <span class='ocrx_word' id='word_1_275' title='bbox 1049 2955 1153 2986; x_wconf 92' lang='lat' dir='ltr'><strong>non</strong></span> <span class='ocrx_word' id='word_1_276' title='bbox 1195 2944 1272 2986; x_wconf 86' lang='lat' dir='ltr'><strong>est</strong></span> <span class='ocrx_word' id='word_1_277' title='bbox 1311 2943 1459 2984; x_wconf 85' lang='lat' dir='ltr'><strong>tanta</strong></span> <span class='ocrx_word' id='word_1_278' title='bbox 1501 2936 1735 3001; x_wconf 85' lang='lat' dir='ltr'><strong>superbia</strong></span> <span class='ocrx_word' id='word_1_279' title='bbox 1775 2936 1907 2984; x_wconf 85' lang='lat' dir='ltr'><strong>sicut</strong></span> <span class='ocrx_word' id='word_1_280' title='bbox 1948 2936 2042 2983; x_wconf 84' lang='lat' dir='ltr'><strong>hie.</strong></span> 
     </span>
    </p>
   </div>
   <div class='ocr_carea' id='block_1_10' title="bbox 691 3039 1805 3130">
    <p class='ocr_par' dir='ltr' id='par_1_11' title="bbox 691 3039 1805 3130">
     <span class='ocr_line' id='line_1_38' title="bbox 692 3039 1302 3075; baseline -0.005 -2"><span class='ocrx_word' id='word_1_281' title='bbox 692 3040 703 3059; x_wconf 78' lang='lat'>²</span> <span class='ocrx_word' id='word_1_282' title='bbox 729 3043 858 3075; x_wconf 72' lang='lat' dir='ltr'><strong>Sehirr.</strong></span> <span class='ocrx_word' id='word_1_283' title='bbox 911 3039 1081 3074; x_wconf 84' lang='lat' dir='ltr'><strong>Allusion</strong></span> <span class='ocrx_word' id='word_1_284' title='bbox 1105 3039 1302 3073; x_wconf 89' lang='lat' dir='ltr'><strong>unknown.</strong></span> 
     </span>
     <span class='ocr_line' id='line_1_39' title="bbox 691 3082 1805 3130; baseline -0.004 -10"><span class='ocrx_word' id='word_1_285' title='bbox 691 3086 704 3105; x_wconf 79' lang='lat'><strong>⁸</strong></span> <span class='ocrx_word' id='word_1_286' title='bbox 730 3090 852 3121; x_wconf 57' lang='lat' dir='ltr'><strong>loir-um</strong></span> <span class='ocrx_word' id='word_1_287' title='bbox 866 3100 877 3121; x_wconf 94' lang='lat'><strong>.·</strong></span> <span class='ocrx_word' id='word_1_288' title='bbox 904 3088 959 3121; x_wconf 84' lang='lat' dir='ltr'><strong>for</strong></span> <span class='ocrx_word' id='word_1_289' title='bbox 976 3089 1119 3130; x_wconf 68' lang='lat' dir='ltr'><strong>loyicmu</strong></span> <span class='ocrx_word' id='word_1_290' title='bbox 1133 3097 1145 3127; x_wconf 88' lang='lat'><em>;</em></span> <span class='ocrx_word' id='word_1_291' title='bbox 1170 3089 1235 3119; x_wconf 85' lang='lat' dir='ltr'><strong>not</strong></span> <span class='ocrx_word' id='word_1_292' title='bbox 1254 3083 1413 3118; x_wconf 85' lang='lat' dir='ltr'><strong>unusual</strong></span> <span class='ocrx_word' id='word_1_293' title='bbox 1432 3085 1469 3118; x_wconf 89' lang='lat' dir='ltr'><strong>in</strong></span> <span class='ocrx_word' id='word_1_294' title='bbox 1488 3083 1551 3118; x_wconf 82' lang='lat' dir='ltr'><strong>the</strong></span> <span class='ocrx_word' id='word_1_295' title='bbox 1571 3082 1680 3117; x_wconf 85' lang='lat' dir='ltr'><strong>XVth</strong></span> <span class='ocrx_word' id='word_1_296' title='bbox 1700 3083 1805 3118; x_wconf 87' lang='lat' dir='ltr'><strong>Cent.</strong></span> 
     </span>
    </p>
   </div>
   <div class='ocr_carea' id='block_1_11' title="bbox 1228 3146 1290 3187">
    <p class='ocr_par' dir='ltr' id='par_1_12' title="bbox 1228 3146 1290 3187">
     <span class='ocr_line' id='line_1_40' title="bbox 1228 3146 1290 3187; baseline 0 0"><span class='ocrx_word' id='word_1_297' title='bbox 1228 3146 1290 3187; x_wconf 90' lang='lat'><strong>58</strong></span> 
     </span>
    </p>
   </div>
  </div>
 </body>
</html>
