<?xml version="1.0" encoding="UTF-8"?>
<!DOCTYPE html PUBLIC "-//W3C//DTD XHTML 1.0 Transitional//EN"
    "http://www.w3.org/TR/xhtml1/DTD/xhtml1-transitional.dtd">
<html xmlns="http://www.w3.org/1999/xhtml" xml:lang="en" lang="en">
 <head>
  <title>
</title>
<meta http-equiv="Content-Type" content="text/html;charset=utf-8" />
  <meta name='ocr-system' content='tesseract 3.04.00' />
  <meta name='ocr-capabilities' content='ocr_page ocr_carea ocr_par ocr_line ocrx_word'/>
</head>
<body>
  <div class='ocr_page' id='page_1' title='image "./epistolaeobscuro00huttuoft_0307.png"; bbox 0 0 2247 3637; ppageno 0'>
   <div class='ocr_carea' id='block_1_1' title="bbox 207 253 352 306">
    <p class='ocr_par' dir='ltr' id='par_1_1' title="bbox 207 253 352 306">
     <span class='ocr_line' id='line_1_1' title="bbox 207 253 352 306; baseline 0.014 -16"><span class='ocrx_word' id='word_1_1' title='bbox 207 253 259 293; x_wconf 91' lang='lat'>11.</span> <span class='ocrx_word' id='word_1_2' title='bbox 287 256 352 306; x_wconf 87' lang='lat'>15]</span> 
     </span>
    </p>
   </div>
   <div class='ocr_carea' id='block_1_2' title="bbox 559 243 1460 300">
    <p class='ocr_par' dir='ltr' id='par_1_2' title="bbox 559 243 1460 300">
     <span class='ocr_line' id='line_1_2' title="bbox 559 243 1460 300; baseline -0.001 -2"><span class='ocrx_word' id='word_1_3' title='bbox 559 243 888 300; x_wconf 84' lang='lat' dir='ltr'>PETR-US</span> <span class='ocrx_word' id='word_1_4' title='bbox 943 243 1460 300; x_wconf 78' lang='lat' dir='ltr'><strong>STEYNHART</strong></span> 
     </span>
    </p>
   </div>
   <div class='ocr_carea' id='block_1_3' title="bbox 206 352 1797 618">
    <p class='ocr_par' dir='ltr' id='par_1_3' title="bbox 206 352 1797 618">
     <span class='ocr_line' id='line_1_3' title="bbox 206 352 1797 419; baseline -0.003 -16"><span class='ocrx_word' id='word_1_5' title='bbox 206 363 474 419; x_wconf 60' lang='lat' dir='ltr'>praesumi:</span> <span class='ocrx_word' id='word_1_6' title='bbox 499 360 553 402; x_wconf 88' lang='lat' dir='ltr'>et</span> <span class='ocrx_word' id='word_1_7' title='bbox 568 354 607 401; x_wconf 91' lang='lat' dir='ltr'>si</span> <span class='ocrx_word' id='word_1_8' title='bbox 622 360 749 402; x_wconf 92' lang='lat' dir='ltr'>tunc</span> <span class='ocrx_word' id='word_1_9' title='bbox 765 354 975 403; x_wconf 79' lang='lat' dir='ltr'>habebit</span> <span class='ocrx_word' id='word_1_10' title='bbox 990 370 1146 402; x_wconf 89' lang='lat' dir='ltr'>unam</span> <span class='ocrx_word' id='word_1_11' title='bbox 1166 353 1541 418; x_wconf 88' lang='lat' dir='ltr'>strapecordam</span> <span class='ocrx_word' id='word_1_12' title='bbox 1558 352 1639 400; x_wconf 91' lang='lat' dir='ltr'>vel</span> <span class='ocrx_word' id='word_1_13' title='bbox 1654 353 1797 409; x_wconf 87' lang='lat' dir='ltr'>duas,</span> 
     </span>
     <span class='ocr_line' id='line_1_4' title="bbox 207 420 1795 487; baseline -0.002 -18"><span class='ocrx_word' id='word_1_14' title='bbox 207 423 373 487; x_wconf 90' lang='lat' dir='ltr'>capiat</span> <span class='ocrx_word' id='word_1_15' title='bbox 394 420 487 470; x_wconf 89' lang='lat' dir='ltr'>sibi</span> <span class='ocrx_word' id='word_1_16' title='bbox 507 439 516 469; x_wconf 91' lang='lat'>:</span> <span class='ocrx_word' id='word_1_17' title='bbox 543 420 682 476; x_wconf 80' lang='lat' dir='ltr'>Quia</span> <span class='ocrx_word' id='word_1_18' title='bbox 707 421 822 468; x_wconf 92' lang='lat' dir='ltr'>volo</span> <span class='ocrx_word' id='word_1_19' title='bbox 843 438 961 470; x_wconf 89' lang='lat' dir='ltr'>eum</span> <span class='ocrx_word' id='word_1_20' title='bbox 980 421 1162 469; x_wconf 91' lang='lat' dir='ltr'>docere</span> <span class='ocrx_word' id='word_1_21' title='bbox 1179 420 1441 484; x_wconf 87' lang='lat' dir='ltr'>quomodo</span> <span class='ocrx_word' id='word_1_22' title='bbox 1460 420 1614 468; x_wconf 88' lang='lat' dir='ltr'>debet</span> <span class='ocrx_word' id='word_1_23' title='bbox 1633 435 1795 468; x_wconf 89' lang='lat' dir='ltr'>unum</span> 
     </span>
     <span class='ocr_line' id='line_1_5' title="bbox 207 486 1797 553; baseline -0.002 -16"><span class='ocrx_word' id='word_1_24' title='bbox 207 489 603 545; x_wconf 89' lang='lat' dir='ltr'>circumducere,</span> <span class='ocrx_word' id='word_1_25' title='bbox 639 495 693 536; x_wconf 92' lang='lat' dir='ltr'>et</span> <span class='ocrx_word' id='word_1_26' title='bbox 729 504 830 535; x_wconf 89' lang='lat' dir='ltr'>non</span> <span class='ocrx_word' id='word_1_27' title='bbox 867 495 1042 537; x_wconf 88' lang='lat' dir='ltr'>tenere</span> <span class='ocrx_word' id='word_1_28' title='bbox 1077 487 1397 553; x_wconf 84' lang='lat' dir='ltr'>promissum.</span> <span class='ocrx_word' id='word_1_29' title='bbox 1471 486 1546 534; x_wconf 92' lang='lat' dir='ltr'>Et</span> <span class='ocrx_word' id='word_1_30' title='bbox 1581 486 1797 534; x_wconf 90' lang='lat' dir='ltr'>credatis</span> 
     </span>
     <span class='ocr_line' id='line_1_6' title="bbox 207 552 1794 618; baseline -0.001 -16"><span class='ocrx_word' id='word_1_31' title='bbox 207 555 331 604; x_wconf 88' lang='lat' dir='ltr'>mihi</span> <span class='ocrx_word' id='word_1_32' title='bbox 391 555 605 603; x_wconf 89' lang='lat' dir='ltr'>firmiter</span> <span class='ocrx_word' id='word_1_33' title='bbox 663 556 799 618; x_wconf 90' lang='lat' dir='ltr'>quod</span> <span class='ocrx_word' id='word_1_34' title='bbox 862 555 980 603; x_wconf 86' lang='lat' dir='ltr'>volo</span> <span class='ocrx_word' id='word_1_35' title='bbox 1039 555 1317 603; x_wconf 89' lang='lat' dir='ltr'>rectificare</span> <span class='ocrx_word' id='word_1_36' title='bbox 1377 553 1521 601; x_wconf 89' lang='lat' dir='ltr'>illum</span> <span class='ocrx_word' id='word_1_37' title='bbox 1569 552 1763 601; x_wconf 89' lang='lat' dir='ltr'>socium</span> <span class='ocrx_word' id='word_1_38' title='bbox 1784 570 1794 601; x_wconf 76' lang='grc' dir='ltr'>ε</span> 
     </span>
    </p>
   </div>
   <div class='ocr_carea' id='block_1_4' title="bbox 207 622 1025 685">
    <p class='ocr_par' dir='ltr' id='par_1_4' title="bbox 207 622 1025 685">
     <span class='ocr_line' id='line_1_7' title="bbox 207 622 1025 685; baseline 0.002 -16"><span class='ocrx_word' id='word_1_39' title='bbox 207 623 287 670; x_wconf 91' lang='lat' dir='ltr'>vel</span> <span class='ocrx_word' id='word_1_40' title='bbox 323 629 401 671; x_wconf 90' lang='lat' dir='ltr'>est</span> <span class='ocrx_word' id='word_1_41' title='bbox 434 622 682 670; x_wconf 88' lang='lat' dir='ltr'>damnum</span> <span class='ocrx_word' id='word_1_42' title='bbox 718 622 859 685; x_wconf 85' lang='lat' dir='ltr'>quod</span> <span class='ocrx_word' id='word_1_43' title='bbox 895 622 1025 671; x_wconf 87' lang='lat' dir='ltr'>vivo.</span> 
     </span>
    </p>
   </div>
   <div class='ocr_carea' id='block_1_5' title="bbox 1100 619 1869 687">
    <p class='ocr_par' dir='ltr' id='par_1_5' title="bbox 1100 619 1869 687">
     <span class='ocr_line' id='line_1_8' title="bbox 1100 619 1869 687; baseline -0.005 -17"><span class='ocrx_word' id='word_1_44' title='bbox 1100 622 1238 678; x_wconf 80' lang='lat' dir='ltr'>Quia</span> <span class='ocrx_word' id='word_1_45' title='bbox 1266 626 1470 687; x_wconf 69' lang='lat' dir='ltr'>oportet</span> <span class='ocrx_word' id='word_1_46' title='bbox 1500 637 1583 669; x_wconf 89' lang='lat' dir='ltr'>me</span> <span class='ocrx_word' id='word_1_47' title='bbox 1612 619 1796 668; x_wconf 90' lang='lat' dir='ltr'>habere</span> <span class='ocrx_word' id='word_1_48' title='bbox 1831 637 1869 666; x_wconf 81' lang='lat'>25</span> 
     </span>
    </p>
   </div>
   <div class='ocr_carea' id='block_1_6' title="bbox 203 687 1797 955">
    <p class='ocr_par' dir='ltr' id='par_1_6' title="bbox 203 687 1797 955">
     <span class='ocr_line' id='line_1_9' title="bbox 204 687 1794 754; baseline -0.003 -16"><span class='ocrx_word' id='word_1_49' title='bbox 204 689 364 738; x_wconf 87' lang='lat' dir='ltr'>talem</span> <span class='ocrx_word' id='word_1_50' title='bbox 388 688 592 746; x_wconf 88' lang='lat' dir='ltr'>librum,</span> <span class='ocrx_word' id='word_1_51' title='bbox 618 688 737 752; x_wconf 91' lang='lat' dir='ltr'>quia</span> <span class='ocrx_word' id='word_1_52' title='bbox 762 689 863 737; x_wconf 86' lang='lat' dir='ltr'>iarn</span> <span class='ocrx_word' id='word_1_53' title='bbox 899 706 1036 754; x_wconf 90' lang='lat' dir='ltr'>pono</span> <span class='ocrx_word' id='word_1_54' title='bbox 1072 689 1301 737; x_wconf 81' lang='lat' dir='ltr'>studium</span> <span class='ocrx_word' id='word_1_55' title='bbox 1330 704 1504 736; x_wconf 90' lang='lat' dir='ltr'>meum</span> <span class='ocrx_word' id='word_1_56' title='bbox 1529 687 1580 734; x_wconf 92' lang='lat' dir='ltr'>in</span> <span class='ocrx_word' id='word_1_57' title='bbox 1605 687 1794 743; x_wconf 85' lang='lat' dir='ltr'>ordine,</span> 
     </span>
     <span class='ocr_line' id='line_1_10' title="bbox 204 754 1796 818; baseline -0.003 -13"><span class='ocrx_word' id='word_1_58' title='bbox 204 763 258 805; x_wconf 89' lang='lat' dir='ltr'>et</span> <span class='ocrx_word' id='word_1_59' title='bbox 281 756 382 804; x_wconf 91' lang='lat' dir='ltr'>emi</span> <span class='ocrx_word' id='word_1_60' title='bbox 406 755 559 804; x_wconf 90' lang='lat' dir='ltr'>libros</span> <span class='ocrx_word' id='word_1_61' title='bbox 584 755 636 804; x_wconf 91' lang='lat' dir='ltr'>in</span> <span class='ocrx_word' id='word_1_62' title='bbox 663 756 782 804; x_wconf 89' lang='lat' dir='ltr'>Iure</span> <span class='ocrx_word' id='word_1_63' title='bbox 807 762 858 805; x_wconf 90' lang='lat' dir='ltr'>et</span> <span class='ocrx_word' id='word_1_64' title='bbox 883 757 935 804; x_wconf 90' lang='lat' dir='ltr'>in</span> <span class='ocrx_word' id='word_1_65' title='bbox 959 756 1082 812; x_wconf 89' lang='lat' dir='ltr'>aliis,</span> <span class='ocrx_word' id='word_1_66' title='bbox 1109 756 1298 804; x_wconf 90' lang='lat' dir='ltr'>vadens</span> <span class='ocrx_word' id='word_1_67' title='bbox 1335 754 1521 804; x_wconf 81' lang='lat' dir='ltr'>cotidie</span> <span class='ocrx_word' id='word_1_68' title='bbox 1550 760 1796 818; x_wconf 90' lang='lat' dir='ltr'>quattuor</span> 
     </span>
     <span class='ocr_line' id='line_1_11' title="bbox 203 820 1797 888; baseline -0.001 -18"><span class='ocrx_word' id='word_1_69' title='bbox 203 823 351 871; x_wconf 89' lang='lat' dir='ltr'>horas</span> <span class='ocrx_word' id='word_1_70' title='bbox 375 824 438 871; x_wconf 91' lang='lat' dir='ltr'>ad</span> <span class='ocrx_word' id='word_1_71' title='bbox 463 823 689 888; x_wconf 68' lang='lat' dir='ltr'>sapietia⁹</span> <span class='ocrx_word' id='word_1_72' title='bbox 723 824 975 872; x_wconf 87' lang='lat' dir='ltr'>audiendo</span> <span class='ocrx_word' id='word_1_73' title='bbox 1010 823 1261 879; x_wconf 87' lang='lat' dir='ltr'>instituta,</span> <span class='ocrx_word' id='word_1_74' title='bbox 1291 828 1345 871; x_wconf 86' lang='lat' dir='ltr'>et</span> <span class='ocrx_word' id='word_1_75' title='bbox 1378 820 1718 876; x_wconf 87' lang='lat' dir='ltr'>infortiatum‚</span> <span class='ocrx_word' id='word_1_76' title='bbox 1744 827 1797 868; x_wconf 93' lang='lat' dir='ltr'>et</span> 
     </span>
     <span class='ocr_line' id='line_1_12' title="bbox 203 888 1796 955; baseline -0.002 -16"><span class='ocrx_word' id='word_1_77' title='bbox 203 890 359 939; x_wconf 88' lang='lat' dir='ltr'>etiam</span> <span class='ocrx_word' id='word_1_78' title='bbox 406 889 459 938; x_wconf 92' lang='lat' dir='ltr'>in</span> <span class='ocrx_word' id='word_1_79' title='bbox 506 891 613 938; x_wconf 91' lang='lat' dir='ltr'>iure</span> <span class='ocrx_word' id='word_1_80' title='bbox 655 890 930 946; x_wconf 89' lang='lat' dir='ltr'>Canonico‚</span> <span class='ocrx_word' id='word_1_81' title='bbox 974 897 1026 940; x_wconf 92' lang='lat' dir='ltr'>et</span> <span class='ocrx_word' id='word_1_82' title='bbox 1068 890 1296 955; x_wconf 83' lang='lat' dir='ltr'>Regulas</span> <span class='ocrx_word' id='word_1_83' title='bbox 1338 888 1695 945; x_wconf 86' lang='lat' dir='ltr'>cancellariae;</span> <span class='ocrx_word' id='word_1_84' title='bbox 1743 893 1796 937; x_wconf 88' lang='lat' dir='ltr'>et</span> 
     </span>
    </p>
   </div>
   <div class='ocr_carea' id='block_1_7' title="bbox 202 957 1565 1006">
    <p class='ocr_par' dir='ltr' id='par_1_7' title="bbox 202 957 1565 1006">
     <span class='ocr_line' id='line_1_13' title="bbox 202 957 1565 1006; baseline 0 -1"><span class='ocrx_word' id='word_1_85' title='bbox 202 957 374 1006; x_wconf 80' lang='lat' dir='ltr'>inveni</span> <span class='ocrx_word' id='word_1_86' title='bbox 434 957 513 1006; x_wconf 93' lang='lat' dir='ltr'>hic</span> <span class='ocrx_word' id='word_1_87' title='bbox 573 974 736 1005; x_wconf 90' lang='lat' dir='ltr'>unum</span> <span class='ocrx_word' id='word_1_88' title='bbox 786 957 973 1005; x_wconf 89' lang='lat' dir='ltr'>librum</span> <span class='ocrx_word' id='word_1_89' title='bbox 1021 958 1247 1006; x_wconf 88' lang='lat' dir='ltr'>multum</span> <span class='ocrx_word' id='word_1_90' title='bbox 1296 957 1565 1006; x_wconf 72' lang='lat' dir='ltr'>Practici‘iz</span> 
     </span>
    </p>
   </div>
   <div class='ocr_carea' id='block_1_8' title="bbox 200 1021 1871 1492">
    <p class='ocr_par' dir='ltr' id='par_1_8' title="bbox 200 1021 1871 1492">
     <span class='ocr_line' id='line_1_14' title="bbox 203 1021 1795 1089; baseline -0.002 -17"><span class='ocrx_word' id='word_1_91' title='bbox 203 1024 474 1082; x_wconf 80' lang='lat' dir='ltr'>excellens,</span> <span class='ocrx_word' id='word_1_92' title='bbox 512 1031 565 1073; x_wconf 91' lang='lat' dir='ltr'>et</span> <span class='ocrx_word' id='word_1_93' title='bbox 602 1042 665 1073; x_wconf 83' lang='lat' dir='ltr'>ex</span> <span class='ocrx_word' id='word_1_94' title='bbox 708 1041 768 1072; x_wconf 93' lang='lat' dir='ltr'>eo</span> <span class='ocrx_word' id='word_1_95' title='bbox 807 1025 946 1073; x_wconf 88' lang='lat' dir='ltr'>disco</span> <span class='ocrx_word' id='word_1_96' title='bbox 988 1024 1182 1073; x_wconf 79' lang='lat' dir='ltr'>inulta:</span> <span class='ocrx_word' id='word_1_97' title='bbox 1231 1041 1327 1089; x_wconf 86' lang='lat' dir='ltr'>ego</span> <span class='ocrx_word' id='word_1_98' title='bbox 1370 1023 1521 1072; x_wconf 89' lang='lat' dir='ltr'>credo</span> <span class='ocrx_word' id='word_1_99' title='bbox 1563 1023 1702 1088; x_wconf 91' lang='lat' dir='ltr'>quod</span> <span class='ocrx_word' id='word_1_100' title='bbox 1745 1021 1795 1069; x_wconf 92' lang='lat' dir='ltr'>in</span> 
     </span>
     <span class='ocr_line' id='line_1_15' title="bbox 203 1090 1796 1157; baseline -0.001 -18"><span class='ocrx_word' id='word_1_101' title='bbox 203 1091 450 1140; x_wconf 87' lang='lat' dir='ltr'>Almania</span> <span class='ocrx_word' id='word_1_102' title='bbox 495 1108 599 1140; x_wconf 90' lang='lat' dir='ltr'>non</span> <span class='ocrx_word' id='word_1_103' title='bbox 647 1091 845 1141; x_wconf 86' lang='lat' dir='ltr'>habetis</span> <span class='ocrx_word' id='word_1_104' title='bbox 886 1108 1034 1141; x_wconf 86' lang='lat' dir='ltr'>eum:</span> <span class='ocrx_word' id='word_1_105' title='bbox 1074 1092 1180 1157; x_wconf 89' lang='lat' dir='ltr'>ipse</span> <span class='ocrx_word' id='word_1_106' title='bbox 1221 1098 1299 1139; x_wconf 89' lang='lat' dir='ltr'>est</span> <span class='ocrx_word' id='word_1_107' title='bbox 1341 1090 1583 1139; x_wconf 88' lang='lat' dir='ltr'>mirabilis</span> <span class='ocrx_word' id='word_1_108' title='bbox 1625 1096 1678 1139; x_wconf 89' lang='lat' dir='ltr'>et</span> <span class='ocrx_word' id='word_1_109' title='bbox 1720 1095 1796 1137; x_wconf 92' lang='lat' dir='ltr'>est</span> 
     </span>
     <span class='ocr_line' id='line_1_16' title="bbox 203 1157 1799 1222; baseline -0.001 -16"><span class='ocrx_word' id='word_1_110' title='bbox 203 1159 350 1207; x_wconf 89' lang='lat' dir='ltr'>valde</span> <span class='ocrx_word' id='word_1_111' title='bbox 384 1159 737 1219; x_wconf 84' lang='lat' dir='ltr'>declarativus,</span> <span class='ocrx_word' id='word_1_112' title='bbox 776 1165 828 1206; x_wconf 90' lang='lat' dir='ltr'>et</span> <span class='ocrx_word' id='word_1_113' title='bbox 870 1159 1165 1208; x_wconf 78' lang='lat' dir='ltr'>intitulatur</span> <span class='ocrx_word' id='word_1_114' title='bbox 1212 1159 1419 1207; x_wconf 86' lang='lat' dir='ltr'>“Casus</span> <span class='ocrx_word' id='word_1_115' title='bbox 1466 1157 1606 1222; x_wconf 85' lang='lat' dir='ltr'>longi</span> <span class='ocrx_word' id='word_1_116' title='bbox 1647 1173 1799 1222; x_wconf 88' lang='lat' dir='ltr'>super</span> 
     </span>
     <span class='ocr_line' id='line_1_17' title="bbox 201 1224 1798 1291; baseline -0.001 -18"><span class='ocrx_word' id='word_1_117' title='bbox 201 1225 449 1274; x_wconf 86' lang='lat' dir='ltr'>institutis</span> <span class='ocrx_word' id='word_1_118' title='bbox 467 1227 493 1244; x_wconf 82' lang='lat'>’⁹</span> <span class='ocrx_word' id='word_1_119' title='bbox 540 1232 594 1275; x_wconf 94' lang='lat' dir='ltr'>et</span> <span class='ocrx_word' id='word_1_120' title='bbox 637 1226 885 1291; x_wconf 89' lang='lat' dir='ltr'>practicat</span> <span class='ocrx_word' id='word_1_121' title='bbox 931 1226 1296 1291; x_wconf 88' lang='lat' dir='ltr'>pulcherrimas</span> <span class='ocrx_word' id='word_1_122' title='bbox 1338 1225 1589 1281; x_wconf 88' lang='lat' dir='ltr'>materias,</span> <span class='ocrx_word' id='word_1_123' title='bbox 1632 1230 1684 1272; x_wconf 90' lang='lat' dir='ltr'>et</span> <span class='ocrx_word' id='word_1_124' title='bbox 1725 1224 1798 1272; x_wconf 86' lang='lat' dir='ltr'>ita</span> 
     </span>
     <span class='ocr_line' id='line_1_18' title="bbox 200 1291 1871 1358; baseline 0 -17"><span class='ocrx_word' id='word_1_125' title='bbox 200 1293 454 1358; x_wconf 86' lang='lat' dir='ltr'>profunde</span> <span class='ocrx_word' id='word_1_126' title='bbox 490 1293 714 1341; x_wconf 86' lang='lat' dir='ltr'>declarat</span> <span class='ocrx_word' id='word_1_127' title='bbox 749 1293 1018 1342; x_wconf 88' lang='lat' dir='ltr'>instituta:</span> <span class='ocrx_word' id='word_1_128' title='bbox 1055 1294 1194 1357; x_wconf 93' lang='lat' dir='ltr'>quod</span> <span class='ocrx_word' id='word_1_129' title='bbox 1232 1309 1379 1357; x_wconf 87' lang='lat' dir='ltr'>saepe</span> <span class='ocrx_word' id='word_1_130' title='bbox 1415 1291 1599 1340; x_wconf 85' lang='lat' dir='ltr'>dividit</span> <span class='ocrx_word' id='word_1_131' title='bbox 1633 1308 1796 1339; x_wconf 89' lang='lat' dir='ltr'>unum</span> <span class='ocrx_word' id='word_1_132' title='bbox 1833 1310 1871 1341; x_wconf 88' lang='lat'>35</span> 
     </span>
     <span class='ocr_line' id='line_1_19' title="bbox 200 1359 1797 1426; baseline -0.001 -18"><span class='ocrx_word' id='word_1_133' title='bbox 200 1360 589 1425; x_wconf 86' lang='lat' dir='ltr'>Paragraphum</span> <span class='ocrx_word' id='word_1_134' title='bbox 630 1361 683 1409; x_wconf 93' lang='lat' dir='ltr'>in</span> <span class='ocrx_word' id='word_1_135' title='bbox 725 1362 812 1409; x_wconf 82' lang='lat' dir='ltr'>.X.</span> <span class='ocrx_word' id='word_1_136' title='bbox 856 1367 1039 1426; x_wconf 87' lang='lat' dir='ltr'>partes,</span> <span class='ocrx_word' id='word_1_137' title='bbox 1078 1367 1131 1409; x_wconf 90' lang='lat' dir='ltr'>et</span> <span class='ocrx_word' id='word_1_138' title='bbox 1170 1359 1402 1425; x_wconf 86' lang='lat' dir='ltr'>procedit</span> <span class='ocrx_word' id='word_1_139' title='bbox 1447 1375 1537 1424; x_wconf 87' lang='lat' dir='ltr'>per</span> <span class='ocrx_word' id='word_1_140' title='bbox 1581 1359 1797 1407; x_wconf 91' lang='lat' dir='ltr'>modum</span> 
     </span>
     <span class='ocr_line' id='line_1_20' title="bbox 200 1425 1798 1492; baseline -0.001 -16"><span class='ocrx_word' id='word_1_141' title='bbox 200 1427 405 1492; x_wconf 84' lang='lat' dir='ltr'>dialogi,</span> <span class='ocrx_word' id='word_1_142' title='bbox 449 1434 502 1476; x_wconf 89' lang='lat' dir='ltr'>et</span> <span class='ocrx_word' id='word_1_143' title='bbox 549 1434 626 1477; x_wconf 90' lang='lat' dir='ltr'>est</span> <span class='ocrx_word' id='word_1_144' title='bbox 674 1428 831 1476; x_wconf 88' lang='lat' dir='ltr'>etiam</span> <span class='ocrx_word' id='word_1_145' title='bbox 877 1434 1129 1491; x_wconf 88' lang='lat' dir='ltr'>quantum</span> <span class='ocrx_word' id='word_1_146' title='bbox 1180 1428 1243 1476; x_wconf 92' lang='lat' dir='ltr'>ad</span> <span class='ocrx_word' id='word_1_147' title='bbox 1290 1427 1602 1474; x_wconf 85' lang='lat' dir='ltr'>latinitatem</span> <span class='ocrx_word' id='word_1_148' title='bbox 1649 1425 1798 1474; x_wconf 88' lang='lat' dir='ltr'>valde</span> 
     </span>
    </p>
   </div>
   <div class='ocr_carea' id='block_1_9' title="bbox 200 1495 808 1611">
    <p class='ocr_par' dir='ltr' id='par_1_9' title="bbox 200 1495 808 1611">
     <span class='ocr_line' id='line_1_21' title="bbox 200 1495 419 1559; baseline 0 -16"><span class='ocrx_word' id='word_1_149' title='bbox 200 1495 419 1559; x_wconf 86' lang='lat' dir='ltr'>elegans.</span> 
     </span>
     <span class='ocr_line' id='line_1_22' title="bbox 200 1561 808 1611; baseline 0 -2"><span class='ocrx_word' id='word_1_150' title='bbox 200 1561 387 1610; x_wconf 88' lang='lat' dir='ltr'>habere</span> <span class='ocrx_word' id='word_1_151' title='bbox 411 1562 571 1611; x_wconf 89' lang='lat' dir='ltr'>talem</span> <span class='ocrx_word' id='word_1_152' title='bbox 607 1562 808 1610; x_wconf 87' lang='lat' dir='ltr'>librum.</span> 
     </span>
    </p>
   </div>
   <div class='ocr_carea' id='block_1_10' title="bbox 493 1491 1798 1610">
    <p class='ocr_par' dir='ltr' id='par_1_10' title="bbox 493 1491 1798 1610">
     <span class='ocr_line' id='line_1_23' title="bbox 493 1491 1798 1559; baseline -0.002 -16"><span class='ocrx_word' id='word_1_153' title='bbox 493 1495 616 1543; x_wconf 91' lang='lat' dir='ltr'>Non</span> <span class='ocrx_word' id='word_1_154' title='bbox 640 1512 850 1559; x_wconf 89' lang='lat' dir='ltr'>possum</span> <span class='ocrx_word' id='word_1_155' title='bbox 876 1494 1019 1542; x_wconf 84' lang='lat' dir='ltr'>vobis</span> <span class='ocrx_word' id='word_1_156' title='bbox 1044 1495 1260 1542; x_wconf 90' lang='lat' dir='ltr'>scribere</span> <span class='ocrx_word' id='word_1_157' title='bbox 1288 1500 1543 1557; x_wconf 87' lang='lat' dir='ltr'>quantum</span> <span class='ocrx_word' id='word_1_158' title='bbox 1569 1500 1647 1541; x_wconf 85' lang='lat' dir='ltr'>est</span> <span class='ocrx_word' id='word_1_159' title='bbox 1671 1491 1798 1541; x_wconf 87' lang='lat' dir='ltr'>utile</span> 
     </span>
     <span class='ocr_line' id='line_1_24' title="bbox 883 1559 1797 1610; baseline -0.002 0"><span class='ocrx_word' id='word_1_160' title='bbox 883 1562 986 1610; x_wconf 91' lang='lat' dir='ltr'>Sed</span> <span class='ocrx_word' id='word_1_161' title='bbox 1021 1578 1126 1610; x_wconf 92' lang='lat' dir='ltr'>non</span> <span class='ocrx_word' id='word_1_162' title='bbox 1160 1560 1358 1609; x_wconf 88' lang='lat' dir='ltr'>debetis</span> <span class='ocrx_word' id='word_1_163' title='bbox 1393 1560 1560 1608; x_wconf 88' lang='lat' dir='ltr'>dicere</span> <span class='ocrx_word' id='word_1_164' title='bbox 1598 1559 1797 1609; x_wconf 89' lang='lat' dir='ltr'>Iuristis</span> 
     </span>
    </p>
   </div>
   <div class='ocr_carea' id='block_1_11' title="bbox 199 1626 1873 1760">
    <p class='ocr_par' dir='ltr' id='par_1_11' title="bbox 199 1626 1873 1760">
     <span class='ocr_line' id='line_1_25' title="bbox 199 1626 1873 1694; baseline -0.002 -18"><span class='ocrx_word' id='word_1_165' title='bbox 199 1629 252 1677; x_wconf 91' lang='lat' dir='ltr'>in</span> <span class='ocrx_word' id='word_1_166' title='bbox 295 1629 511 1678; x_wconf 89' lang='lat' dir='ltr'>Colonia</span> <span class='ocrx_word' id='word_1_167' title='bbox 556 1629 644 1694; x_wconf 93' lang='lat' dir='ltr'>qui</span> <span class='ocrx_word' id='word_1_168' title='bbox 692 1635 813 1678; x_wconf 89' lang='lat' dir='ltr'>sunt</span> <span class='ocrx_word' id='word_1_169' title='bbox 858 1629 1083 1677; x_wconf 86' lang='lat' dir='ltr'>fautores</span> <span class='ocrx_word' id='word_1_170' title='bbox 1132 1628 1206 1677; x_wconf 94' lang='lat' dir='ltr'>Io.</span> <span class='ocrx_word' id='word_1_171' title='bbox 1257 1627 1544 1677; x_wconf 88' lang='lat' dir='ltr'>Reuchlin:</span> <span class='ocrx_word' id='word_1_172' title='bbox 1593 1626 1712 1691; x_wconf 91' lang='lat' dir='ltr'>quia</span> <span class='ocrx_word' id='word_1_173' title='bbox 1759 1627 1797 1674; x_wconf 89' lang='lat' dir='ltr'>si</span> <span class='ocrx_word' id='word_1_174' title='bbox 1835 1645 1873 1674; x_wconf 79' lang='lat'>40</span> 
     </span>
     <span class='ocr_line' id='line_1_26' title="bbox 199 1694 1798 1760; baseline -0.001 -16"><span class='ocrx_word' id='word_1_175' title='bbox 199 1696 446 1746; x_wconf 91' lang='lat' dir='ltr'>haberent</span> <span class='ocrx_word' id='word_1_176' title='bbox 478 1697 626 1745; x_wconf 91' lang='lat' dir='ltr'>illum</span> <span class='ocrx_word' id='word_1_177' title='bbox 660 1696 865 1752; x_wconf 90' lang='lat' dir='ltr'>librum,</span> <span class='ocrx_word' id='word_1_178' title='bbox 892 1696 1055 1760; x_wconf 86' lang='lat' dir='ltr'>magis</span> <span class='ocrx_word' id='word_1_179' title='bbox 1091 1695 1348 1744; x_wconf 91' lang='lat' dir='ltr'>subtiliter</span> <span class='ocrx_word' id='word_1_180' title='bbox 1383 1701 1592 1759; x_wconf 88' lang='lat' dir='ltr'>possent</span> <span class='ocrx_word' id='word_1_181' title='bbox 1614 1694 1798 1759; x_wconf 88' lang='lat' dir='ltr'>practi-</span> 
     </span>
    </p>
   </div>
   <div class='ocr_carea' id='block_1_12' title="bbox 200 1780 326 1812">
    <p class='ocr_par' dir='ltr' id='par_1_12' title="bbox 200 1780 326 1812">
     <span class='ocr_line' id='line_1_27' title="bbox 200 1780 326 1812; baseline 0 0"><span class='ocrx_word' id='word_1_182' title='bbox 200 1780 326 1812; x_wconf 73' lang='lat' dir='ltr'>care.</span> 
     </span>
    </p>
   </div>
   <div class='ocr_carea' id='block_1_13' title="bbox 398 1762 1619 1828">
    <p class='ocr_par' dir='ltr' id='par_1_13' title="bbox 398 1762 1619 1828">
     <span class='ocr_line' id='line_1_28' title="bbox 398 1762 1619 1828; baseline -0.002 -16"><span class='ocrx_word' id='word_1_183' title='bbox 398 1764 516 1828; x_wconf 84' lang='lat' dir='ltr'>Ego</span> <span class='ocrx_word' id='word_1_184' title='bbox 549 1764 678 1812; x_wconf 91' lang='lat' dir='ltr'>bene</span> <span class='ocrx_word' id='word_1_185' title='bbox 710 1763 814 1812; x_wconf 91' lang='lat' dir='ltr'>scio</span> <span class='ocrx_word' id='word_1_186' title='bbox 850 1763 989 1827; x_wconf 91' lang='lat' dir='ltr'>quod</span> <span class='ocrx_word' id='word_1_187' title='bbox 1025 1779 1130 1811; x_wconf 90' lang='lat' dir='ltr'>non</span> <span class='ocrx_word' id='word_1_188' title='bbox 1166 1762 1365 1812; x_wconf 88' lang='lat' dir='ltr'>habetis</span> <span class='ocrx_word' id='word_1_189' title='bbox 1400 1762 1619 1811; x_wconf 90' lang='lat' dir='ltr'>libenter</span> 
     </span>
    </p>
   </div>
   <div class='ocr_carea' id='block_1_14' title="bbox 1659 1763 1798 1826">
    <p class='ocr_par' dir='ltr' id='par_1_14' title="bbox 1659 1763 1798 1826">
     <span class='ocr_line' id='line_1_29' title="bbox 1659 1763 1798 1826; baseline 0 -17"><span class='ocrx_word' id='word_1_190' title='bbox 1659 1763 1798 1826; x_wconf 91' lang='lat' dir='ltr'>quod</span> 
     </span>
    </p>
   </div>
   <div class='ocr_carea' id='block_1_15' title="bbox 198 1828 1874 2030">
    <p class='ocr_par' dir='ltr' id='par_1_15' title="bbox 198 1828 1874 2030">
     <span class='ocr_line' id='line_1_30' title="bbox 200 1828 1798 1897; baseline -0.002 -18"><span class='ocrx_word' id='word_1_191' title='bbox 200 1832 381 1879; x_wconf 90' lang='lat' dir='ltr'>studeo</span> <span class='ocrx_word' id='word_1_192' title='bbox 417 1831 470 1879; x_wconf 92' lang='lat' dir='ltr'>in</span> <span class='ocrx_word' id='word_1_193' title='bbox 508 1831 643 1888; x_wconf 90' lang='lat' dir='ltr'>Iure,</span> <span class='ocrx_word' id='word_1_194' title='bbox 686 1831 808 1895; x_wconf 90' lang='lat' dir='ltr'>quia</span> <span class='ocrx_word' id='word_1_195' title='bbox 849 1847 997 1897; x_wconf 88' lang='lat' dir='ltr'>saepe</span> <span class='ocrx_word' id='word_1_196' title='bbox 1038 1829 1238 1879; x_wconf 86' lang='lat' dir='ltr'>dixistis</span> <span class='ocrx_word' id='word_1_197' title='bbox 1277 1829 1402 1877; x_wconf 86' lang='lat' dir='ltr'>mihi</span> <span class='ocrx_word' id='word_1_198' title='bbox 1449 1830 1589 1894; x_wconf 91' lang='lat' dir='ltr'>quod</span> <span class='ocrx_word' id='word_1_199' title='bbox 1636 1828 1798 1877; x_wconf 91' lang='lat' dir='ltr'>debeo</span> 
     </span>
     <span class='ocr_line' id='line_1_31' title="bbox 198 1895 1798 1963; baseline -0.003 -16"><span class='ocrx_word' id='word_1_200' title='bbox 198 1897 404 1947; x_wconf 89' lang='lat' dir='ltr'>studere</span> <span class='ocrx_word' id='word_1_201' title='bbox 439 1897 491 1945; x_wconf 92' lang='lat' dir='ltr'>in</span> <span class='ocrx_word' id='word_1_202' title='bbox 528 1898 825 1963; x_wconf 86' lang='lat' dir='ltr'>Theologia,</span> <span class='ocrx_word' id='word_1_203' title='bbox 852 1915 984 1962; x_wconf 91' lang='lat' dir='ltr'>quae</span> <span class='ocrx_word' id='word_1_204' title='bbox 1021 1897 1282 1946; x_wconf 88' lang='lat' dir='ltr'>beatificat</span> <span class='ocrx_word' id='word_1_205' title='bbox 1323 1903 1376 1946; x_wconf 92' lang='lat' dir='ltr'>et</span> <span class='ocrx_word' id='word_1_206' title='bbox 1407 1903 1486 1945; x_wconf 90' lang='lat' dir='ltr'>est</span> <span class='ocrx_word' id='word_1_207' title='bbox 1521 1896 1585 1945; x_wconf 88' lang='lat' dir='ltr'>de</span> <span class='ocrx_word' id='word_1_208' title='bbox 1622 1895 1798 1944; x_wconf 91' lang='lat' dir='ltr'>maiori</span> 
     </span>
     <span class='ocr_line' id='line_1_32' title="bbox 198 1965 1874 2030; baseline 0.001 -17"><span class='ocrx_word' id='word_1_209' title='bbox 198 1965 397 2023; x_wconf 90' lang='lat' dir='ltr'>merito,</span> <span class='ocrx_word' id='word_1_210' title='bbox 424 1982 580 2030; x_wconf 89' lang='lat' dir='ltr'>quam</span> <span class='ocrx_word' id='word_1_211' title='bbox 606 1965 692 2014; x_wconf 92' lang='lat' dir='ltr'>illa</span> <span class='ocrx_word' id='word_1_212' title='bbox 719 1967 839 2014; x_wconf 89' lang='lat' dir='ltr'>Iura</span> <span class='ocrx_word' id='word_1_213' title='bbox 862 1971 896 2030; x_wconf 71' lang='lat' dir='ltr'>q</span> <span class='ocrx_word' id='word_1_214' title='bbox 928 1965 1125 2014; x_wconf 89' lang='lat' dir='ltr'>faciunt</span> <span class='ocrx_word' id='word_1_215' title='bbox 1151 1981 1367 2013; x_wconf 88' lang='lat' dir='ltr'>curvum</span> <span class='ocrx_word' id='word_1_216' title='bbox 1392 1970 1593 2013; x_wconf 87' lang='lat' dir='ltr'>rectum</span> <span class='ocrx_word' id='word_1_217' title='bbox 1618 1969 1670 2012; x_wconf 88' lang='lat' dir='ltr'>et</span> <span class='ocrx_word' id='word_1_218' title='bbox 1695 1979 1798 2012; x_wconf 87' lang='lat' dir='ltr'>rec·</span> <span class='ocrx_word' id='word_1_219' title='bbox 1836 1984 1874 2014; x_wconf 77' lang='lat'>45</span> 
     </span>
    </p>
   </div>
   <div class='ocr_carea' id='block_1_16' title="bbox 183 2091 964 3173">
    <p class='ocr_par' dir='ltr' id='par_1_16' title="bbox 195 2091 964 2233">
     <span class='ocr_line' id='line_1_33' title="bbox 242 2091 964 2138; baseline 0 -11"><span class='ocrx_word' id='word_1_220' title='bbox 242 2091 269 2111; x_wconf 83' lang='lat'>²¹</span> <span class='ocrx_word' id='word_1_221' title='bbox 279 2104 494 2136; x_wconf 57' lang='lat' dir='ltr'>prae-sunam</span> <span class='ocrx_word' id='word_1_222' title='bbox 506 2104 519 2128; x_wconf 91' lang='lat'><em>:</em></span> <span class='ocrx_word' id='word_1_223' title='bbox 537 2093 728 2138; x_wconf 85' lang='lat' dir='ltr'>“prison.’&#39;</span> <span class='ocrx_word' id='word_1_224' title='bbox 762 2093 799 2127; x_wconf 92' lang='lat' dir='ltr'>L.</span> <span class='ocrx_word' id='word_1_225' title='bbox 813 2092 964 2127; x_wconf 87' lang='lat' dir='ltr'>Diefen—</span> 
     </span>
     <span class='ocr_line' id='line_1_34' title="bbox 195 2139 961 2185; baseline 0 -11"><span class='ocrx_word' id='word_1_226' title='bbox 195 2139 301 2184; x_wconf 82' lang='lat' dir='ltr'>bach,</span> <span class='ocrx_word' id='word_1_227' title='bbox 327 2142 434 2174; x_wconf 65' lang='lat' dir='ltr'>Gloss.</span> <span class='ocrx_word' id='word_1_228' title='bbox 462 2142 691 2183; x_wconf 76' lang='lat' dir='ltr'>Lat.-Germ.,</span> <span class='ocrx_word' id='word_1_229' title='bbox 717 2141 818 2185; x_wconf 80' lang='lat' dir='ltr'>gives</span> <span class='ocrx_word' id='word_1_230' title='bbox 845 2141 873 2157; x_wconf 89' lang='lat'><em>“</em></span> <span class='ocrx_word' id='word_1_231' title='bbox 886 2139 961 2175; x_wconf 86' lang='lat' dir='ltr'>Pri-</span> 
     </span>
     <span class='ocr_line' id='line_1_35' title="bbox 195 2186 881 2233; baseline 0.001 -12"><span class='ocrx_word' id='word_1_232' title='bbox 195 2198 283 2221; x_wconf 82' lang='lat' dir='ltr'>sona</span> <span class='ocrx_word' id='word_1_233' title='bbox 292 2203 324 2215; x_wconf 85' lang='lat'><strong><em>=</em></strong></span> <span class='ocrx_word' id='word_1_234' title='bbox 333 2188 494 2232; x_wconf 83' lang='lat' dir='ltr'>prisiona</span> <span class='ocrx_word' id='word_1_235' title='bbox 502 2204 534 2215; x_wconf 70' lang='lat' dir='ltr'><strong><em>z</em></strong></span> <span class='ocrx_word' id='word_1_236' title='bbox 544 2188 712 2233; x_wconf 85' lang='lat' dir='ltr'>prigiona</span> <span class='ocrx_word' id='word_1_237' title='bbox 728 2186 881 2232; x_wconf 81' lang='lat' dir='ltr'>(Ital.).”</span> 
     </span>
    </p>

    <p class='ocr_par' dir='ltr' id='par_1_17' title="bbox 192 2232 964 2608">
     <span class='ocr_line' id='line_1_36' title="bbox 243 2232 962 2280; baseline 0.001 -12"><span class='ocrx_word' id='word_1_238' title='bbox 243 2232 269 2252; x_wconf 87' lang='lat'>²¹</span> <span class='ocrx_word' id='word_1_239' title='bbox 286 2239 432 2277; x_wconf 74' lang='lat' dir='ltr'>strapec.</span> <span class='ocrx_word' id='word_1_240' title='bbox 446 2247 458 2268; x_wconf 92' lang='grc'>.·</span> <span class='ocrx_word' id='word_1_241' title='bbox 497 2246 544 2268; x_wconf 84' lang='lat' dir='ltr'>an</span> <span class='ocrx_word' id='word_1_242' title='bbox 579 2235 793 2280; x_wconf 84' lang='lat' dir='ltr'>adaptation</span> <span class='ocrx_word' id='word_1_243' title='bbox 827 2235 869 2268; x_wconf 88' lang='lat' dir='ltr'>of</span> <span class='ocrx_word' id='word_1_244' title='bbox 897 2234 962 2269; x_wconf 82' lang='lat' dir='ltr'>the</span> 
     </span>
     <span class='ocr_line' id='line_1_37' title="bbox 195 2280 962 2327; baseline 0.001 -12"><span class='ocrx_word' id='word_1_245' title='bbox 195 2280 331 2315; x_wconf 81' lang='lat' dir='ltr'>Italian</span> <span class='ocrx_word' id='word_1_246' title='bbox 366 2282 393 2298; x_wconf 63' lang='lat'>‘⁶&#39;</span> <span class='ocrx_word' id='word_1_247' title='bbox 407 2286 594 2327; x_wconf 83' lang='lat' dir='ltr'>strappata</span> <span class='ocrx_word' id='word_1_248' title='bbox 627 2281 664 2315; x_wconf 87' lang='lat' dir='ltr'>di</span> <span class='ocrx_word' id='word_1_249' title='bbox 697 2282 807 2316; x_wconf 77' lang='lat' dir='ltr'>corda</span> <span class='ocrx_word' id='word_1_250' title='bbox 820 2281 864 2324; x_wconf 82' lang='lat'>”3</span> <span class='ocrx_word' id='word_1_251' title='bbox 896 2281 962 2317; x_wconf 86' lang='lat' dir='ltr'>the</span> 
     </span>
     <span class='ocr_line' id='line_1_38' title="bbox 194 2328 963 2373; baseline 0 -11"><span class='ocrx_word' id='word_1_252' title='bbox 194 2329 437 2373; x_wconf 85' lang='lat' dir='ltr'>punishment</span> <span class='ocrx_word' id='word_1_253' title='bbox 455 2329 497 2363; x_wconf 91' lang='lat' dir='ltr'>of</span> <span class='ocrx_word' id='word_1_254' title='bbox 517 2328 582 2363; x_wconf 87' lang='lat' dir='ltr'>the</span> <span class='ocrx_word' id='word_1_255' title='bbox 602 2332 792 2372; x_wconf 71' lang='lat' dir='ltr'>strappado</span> <span class='ocrx_word' id='word_1_256' title='bbox 808 2330 963 2363; x_wconf 86' lang='lat' dir='ltr'>consist-</span> 
     </span>
     <span class='ocr_line' id='line_1_39' title="bbox 195 2375 960 2421; baseline 0 -12"><span class='ocrx_word' id='word_1_257' title='bbox 195 2376 259 2420; x_wconf 86' lang='lat' dir='ltr'>ing</span> <span class='ocrx_word' id='word_1_258' title='bbox 276 2376 314 2409; x_wconf 91' lang='lat' dir='ltr'>in</span> <span class='ocrx_word' id='word_1_259' title='bbox 333 2376 471 2421; x_wconf 84' lang='lat' dir='ltr'>raising</span> <span class='ocrx_word' id='word_1_260' title='bbox 487 2376 551 2410; x_wconf 87' lang='lat' dir='ltr'>the</span> <span class='ocrx_word' id='word_1_261' title='bbox 569 2376 693 2410; x_wconf 87' lang='lat' dir='ltr'>victim</span> <span class='ocrx_word' id='word_1_262' title='bbox 712 2380 750 2410; x_wconf 90' lang='lat' dir='ltr'>to</span> <span class='ocrx_word' id='word_1_263' title='bbox 772 2388 794 2410; x_wconf 88' lang='lat' dir='ltr'>a</span> <span class='ocrx_word' id='word_1_264' title='bbox 816 2375 960 2421; x_wconf 79' lang='lat' dir='ltr'>height,</span> 
     </span>
     <span class='ocr_line' id='line_1_40' title="bbox 194 2421 963 2469; baseline 0.001 -13"><span class='ocrx_word' id='word_1_265' title='bbox 194 2422 265 2456; x_wconf 85' lang='lat' dir='ltr'>and</span> <span class='ocrx_word' id='word_1_266' title='bbox 292 2421 430 2468; x_wconf 89' lang='lat' dir='ltr'>letting</span> <span class='ocrx_word' id='word_1_267' title='bbox 455 2423 529 2457; x_wconf 86' lang='lat' dir='ltr'>him</span> <span class='ocrx_word' id='word_1_268' title='bbox 557 2421 624 2457; x_wconf 79' lang='lat' dir='ltr'>fall</span> <span class='ocrx_word' id='word_1_269' title='bbox 650 2422 833 2469; x_wconf 76' lang='lat' dir='ltr'>suddenly</span> <span class='ocrx_word' id='word_1_270' title='bbox 858 2435 898 2457; x_wconf 92' lang='lat' dir='ltr'>so</span> <span class='ocrx_word' id='word_1_271' title='bbox 923 2435 963 2457; x_wconf 87' lang='lat' dir='ltr'>as</span> 
     </span>
     <span class='ocr_line' id='line_1_41' title="bbox 192 2469 964 2514; baseline 0.001 -11"><span class='ocrx_word' id='word_1_272' title='bbox 192 2474 231 2503; x_wconf 93' lang='lat' dir='ltr'>to</span> <span class='ocrx_word' id='word_1_273' title='bbox 249 2470 361 2504; x_wconf 88' lang='lat' dir='ltr'>suffer</span> <span class='ocrx_word' id='word_1_274' title='bbox 376 2482 397 2503; x_wconf 89' lang='lat' dir='ltr'>a</span> <span class='ocrx_word' id='word_1_275' title='bbox 416 2469 557 2505; x_wconf 86' lang='lat' dir='ltr'>violent</span> <span class='ocrx_word' id='word_1_276' title='bbox 570 2469 654 2514; x_wconf 85' lang='lat' dir='ltr'>jerk</span> <span class='ocrx_word' id='word_1_277' title='bbox 677 2470 771 2504; x_wconf 83' lang='lat' dir='ltr'>from</span> <span class='ocrx_word' id='word_1_278' title='bbox 797 2470 862 2505; x_wconf 90' lang='lat' dir='ltr'>the</span> <span class='ocrx_word' id='word_1_279' title='bbox 886 2482 964 2505; x_wconf 88' lang='lat' dir='ltr'>sus—</span> 
     </span>
     <span class='ocr_line' id='line_1_42' title="bbox 193 2517 734 2608; baseline 0.002 -11"><span class='ocrx_word' id='word_1_280' title='bbox 193 2517 473 2608; x_wconf 45' lang='lat' dir='ltr'>pepedggffiergpe.</span> <span class='ocrx_word' id='word_1_281' title='bbox 481 2564 550 2600; x_wconf 84' lang='lat' dir='ltr'>See</span> <span class='ocrx_word' id='word_1_282' title='bbox 567 2565 603 2599; x_wconf 90' lang='lat' dir='ltr'>ii.</span> <span class='ocrx_word' id='word_1_283' title='bbox 621 2563 680 2608; x_wconf 83' lang='lat'>32,</span> <span class='ocrx_word' id='word_1_284' title='bbox 701 2576 734 2598; x_wconf 78' lang='grc' dir='ltr'>η.</span> 
     </span>
    </p>

    <p class='ocr_par' dir='ltr' id='par_1_18' title="bbox 190 2609 963 2796">
     <span class='ocr_line' id='line_1_43' title="bbox 239 2609 960 2655; baseline 0.003 -11"><span class='ocrx_word' id='word_1_285' title='bbox 239 2609 267 2629; x_wconf 80' lang='lat'>²⁸</span> <span class='ocrx_word' id='word_1_286' title='bbox 284 2613 399 2646; x_wconf 56' lang='lat' dir='ltr'>Juxtit.</span> <span class='ocrx_word' id='word_1_287' title='bbox 412 2624 424 2646; x_wconf 87' lang='lat'>.·</span> <span class='ocrx_word' id='word_1_288' title='bbox 444 2611 508 2646; x_wconf 88' lang='lat' dir='ltr'>the</span> <span class='ocrx_word' id='word_1_289' title='bbox 521 2613 706 2646; x_wconf 67' lang='lat' dir='ltr'>Institutas</span> <span class='ocrx_word' id='word_1_290' title='bbox 718 2614 763 2655; x_wconf 79' lang='lat' dir='ltr'>os</span> <span class='ocrx_word' id='word_1_291' title='bbox 764 2614 791 2644; x_wconf 89' lang='lat' dir='ltr'><em>J</em></span> <span class='ocrx_word' id='word_1_292' title='bbox 791 2613 960 2646; x_wconf 70' lang='grc' dir='ltr'><em>ιιείἰηίαη.</em></span> 
     </span>
     <span class='ocr_line' id='line_1_44' title="bbox 190 2657 963 2705; baseline 0.003 -13"><span class='ocrx_word' id='word_1_293' title='bbox 190 2657 270 2693; x_wconf 90' lang='lat' dir='ltr'>The</span> <span class='ocrx_word' id='word_1_294' title='bbox 289 2658 549 2704; x_wconf 76' lang='lat' dir='ltr'>introductor-y</span> <span class='ocrx_word' id='word_1_295' title='bbox 567 2663 650 2705; x_wconf 87' lang='lat' dir='ltr'>part</span> <span class='ocrx_word' id='word_1_296' title='bbox 675 2659 717 2693; x_wconf 88' lang='lat' dir='ltr'>of</span> <span class='ocrx_word' id='word_1_297' title='bbox 736 2659 802 2694; x_wconf 86' lang='lat' dir='ltr'>the</span> <span class='ocrx_word' id='word_1_298' title='bbox 829 2660 963 2702; x_wconf 71' lang='lat' dir='ltr'>Corpus</span> 
     </span>
     <span class='ocr_line' id='line_1_45' title="bbox 190 2705 962 2752; baseline 0.003 -14"><span class='ocrx_word' id='word_1_299' title='bbox 190 2706 293 2739; x_wconf 76' lang='lat' dir='ltr'>Jurz&#39;s</span> <span class='ocrx_word' id='word_1_300' title='bbox 313 2707 444 2749; x_wconf 69' lang='lat' dir='ltr'>Civilie,</span> <span class='ocrx_word' id='word_1_301' title='bbox 459 2705 524 2740; x_wconf 89' lang='lat' dir='ltr'>the</span> <span class='ocrx_word' id='word_1_302' title='bbox 541 2706 650 2741; x_wconf 89' lang='lat' dir='ltr'>other</span> <span class='ocrx_word' id='word_1_303' title='bbox 667 2707 833 2752; x_wconf 84' lang='lat' dir='ltr'>portions</span> <span class='ocrx_word' id='word_1_304' title='bbox 850 2705 962 2752; x_wconf 87' lang='lat' dir='ltr'>being</span> 
     </span>
     <span class='ocr_line' id='line_1_46' title="bbox 191 2752 959 2796; baseline 0.003 -11"><span class='ocrx_word' id='word_1_305' title='bbox 191 2752 256 2786; x_wconf 87' lang='lat' dir='ltr'>the</span> <span class='ocrx_word' id='word_1_306' title='bbox 273 2753 402 2796; x_wconf 53' lang='lat' dir='ltr'>Diqest,</span> <span class='ocrx_word' id='word_1_307' title='bbox 418 2752 483 2787; x_wconf 84' lang='lat' dir='ltr'>the</span> <span class='ocrx_word' id='word_1_308' title='bbox 503 2754 601 2796; x_wconf 69' lang='lat' dir='ltr'>(bde,</span> <span class='ocrx_word' id='word_1_309' title='bbox 614 2754 687 2787; x_wconf 76' lang='lat' dir='ltr'>and</span> <span class='ocrx_word' id='word_1_310' title='bbox 705 2753 769 2788; x_wconf 86' lang='lat' dir='ltr'>the</span> <span class='ocrx_word' id='word_1_311' title='bbox 787 2754 959 2787; x_wconf 68' lang='lat' dir='ltr'>Nat-ellac.</span> 
     </span>
    </p>

    <p class='ocr_par' dir='ltr' id='par_1_19' title="bbox 183 2797 962 3173">
     <span class='ocr_line' id='line_1_47' title="bbox 238 2797 961 2846; baseline 0.006 -15"><span class='ocrx_word' id='word_1_312' title='bbox 238 2797 266 2816; x_wconf 80' lang='lat'>²⁸</span> <span class='ocrx_word' id='word_1_313' title='bbox 284 2800 412 2841; x_wconf 75' lang='lat' dir='ltr'>Infert.</span> <span class='ocrx_word' id='word_1_314' title='bbox 426 2811 439 2833; x_wconf 94' lang='grc'>.·</span> <span class='ocrx_word' id='word_1_315' title='bbox 503 2812 524 2833; x_wconf 88' lang='lat' dir='ltr'>a</span> <span class='ocrx_word' id='word_1_316' title='bbox 583 2801 730 2846; x_wconf 87' lang='lat' dir='ltr'>portion</span> <span class='ocrx_word' id='word_1_317' title='bbox 796 2800 838 2834; x_wconf 85' lang='lat' dir='ltr'>of</span> <span class='ocrx_word' id='word_1_318' title='bbox 896 2800 961 2835; x_wconf 84' lang='lat' dir='ltr'>the</span> 
     </span>
     <span class='ocr_line' id='line_1_48' title="bbox 189 2846 962 2892; baseline 0.004 -14"><span class='ocrx_word' id='word_1_319' title='bbox 189 2847 324 2889; x_wconf 70' lang='lat' dir='ltr'>DiyeSt,</span> <span class='ocrx_word' id='word_1_320' title='bbox 342 2847 568 2891; x_wconf 67' lang='lat' dir='ltr'>comprising</span> <span class='ocrx_word' id='word_1_321' title='bbox 588 2847 711 2881; x_wconf 88' lang='lat' dir='ltr'>Books</span> <span class='ocrx_word' id='word_1_322' title='bbox 730 2846 866 2882; x_wconf 86' lang='lat' dir='ltr'><strong>XXIV.</strong></span> <span class='ocrx_word' id='word_1_323' title='bbox 883 2846 962 2892; x_wconf 86' lang='lat'><strong>(3)-</strong></span> 
     </span>
     <span class='ocr_line' id='line_1_49' title="bbox 188 2891 961 2939; baseline 0.004 -13"><span class='ocrx_word' id='word_1_324' title='bbox 188 2891 420 2936; x_wconf 65' lang='lat' dir='ltr'>xxxvnl„</span> <span class='ocrx_word' id='word_1_325' title='bbox 438 2893 511 2927; x_wconf 89' lang='lat' dir='ltr'>and</span> <span class='ocrx_word' id='word_1_326' title='bbox 532 2895 682 2939; x_wconf 85' lang='lat' dir='ltr'>coming</span> <span class='ocrx_word' id='word_1_327' title='bbox 706 2894 870 2929; x_wconf 86' lang='lat' dir='ltr'>between</span> <span class='ocrx_word' id='word_1_328' title='bbox 896 2894 961 2929; x_wconf 85' lang='lat' dir='ltr'>the</span> 
     </span>
     <span class='ocr_line' id='line_1_50' title="bbox 186 2940 961 2985; baseline 0.001 -12"><span class='ocrx_word' id='word_1_329' title='bbox 186 2941 370 2983; x_wconf 61' lang='lat' dir='ltr'>Diyeatum</span> <span class='ocrx_word' id='word_1_330' title='bbox 417 2941 522 2974; x_wconf 67' lang='lat' dir='ltr'>Vetus</span> <span class='ocrx_word' id='word_1_331' title='bbox 557 2940 631 2975; x_wconf 88' lang='lat' dir='ltr'>and</span> <span class='ocrx_word' id='word_1_332' title='bbox 672 2941 738 2975; x_wconf 80' lang='lat' dir='ltr'>the</span> <span class='ocrx_word' id='word_1_333' title='bbox 778 2943 961 2985; x_wconf 64' lang='lat' dir='ltr'>Diyestum</span> 
     </span>
     <span class='ocr_line' id='line_1_51' title="bbox 186 2986 961 3033; baseline 0.004 -14"><span class='ocrx_word' id='word_1_334' title='bbox 186 2987 342 3020; x_wconf 65' lang='lat' dir='ltr'>Novum.</span> <span class='ocrx_word' id='word_1_335' title='bbox 391 2986 480 3020; x_wconf 84' lang='lat' dir='ltr'>This</span> <span class='ocrx_word' id='word_1_336' title='bbox 499 2987 655 3021; x_wconf 87' lang='lat' dir='ltr'>division</span> <span class='ocrx_word' id='word_1_337' title='bbox 675 2988 704 3021; x_wconf 88' lang='lat' dir='ltr'>is</span> <span class='ocrx_word' id='word_1_338' title='bbox 722 2988 825 3033; x_wconf 87' lang='lat' dir='ltr'>quite</span> <span class='ocrx_word' id='word_1_339' title='bbox 847 2988 961 3022; x_wconf 78' lang='lat' dir='ltr'>arbit-</span> 
     </span>
     <span class='ocr_line' id='line_1_52' title="bbox 185 3033 961 3079; baseline 0.003 -12"><span class='ocrx_word' id='word_1_340' title='bbox 185 3044 288 3079; x_wconf 85' lang='lat' dir='ltr'>rary,</span> <span class='ocrx_word' id='word_1_341' title='bbox 322 3033 396 3067; x_wconf 84' lang='lat' dir='ltr'>and</span> <span class='ocrx_word' id='word_1_342' title='bbox 434 3045 550 3068; x_wconf 89' lang='lat' dir='ltr'>seems</span> <span class='ocrx_word' id='word_1_343' title='bbox 584 3035 656 3068; x_wconf 89' lang='lat' dir='ltr'>due</span> <span class='ocrx_word' id='word_1_344' title='bbox 687 3039 728 3069; x_wconf 87' lang='lat' dir='ltr'>to</span> <span class='ocrx_word' id='word_1_345' title='bbox 760 3035 825 3069; x_wconf 83' lang='lat' dir='ltr'>the</span> <span class='ocrx_word' id='word_1_346' title='bbox 861 3045 961 3069; x_wconf 84' lang='lat' dir='ltr'>mere</span> 
     </span>
     <span class='ocr_line' id='line_1_53' title="bbox 183 3079 962 3127; baseline 0.003 -13"><span class='ocrx_word' id='word_1_347' title='bbox 183 3081 360 3114; x_wconf 79' lang='lat' dir='ltr'>accident</span> <span class='ocrx_word' id='word_1_348' title='bbox 383 3079 426 3114; x_wconf 89' lang='lat' dir='ltr'>of</span> <span class='ocrx_word' id='word_1_349' title='bbox 449 3091 496 3114; x_wconf 87' lang='lat' dir='ltr'>an</span> <span class='ocrx_word' id='word_1_350' title='bbox 525 3081 676 3115; x_wconf 83' lang='lat' dir='ltr'>ancient</span> <span class='ocrx_word' id='word_1_351' title='bbox 705 3093 797 3127; x_wconf 88' lang='lat' dir='ltr'>copy</span> <span class='ocrx_word' id='word_1_352' title='bbox 823 3081 962 3126; x_wconf 85' lang='lat' dir='ltr'>having</span> 
     </span>
     <span class='ocr_line' id='line_1_54' title="bbox 184 3125 958 3173; baseline 0.004 -13"><span class='ocrx_word' id='word_1_353' title='bbox 184 3126 282 3162; x_wconf 88' lang='lat' dir='ltr'>been</span> <span class='ocrx_word' id='word_1_354' title='bbox 313 3125 402 3172; x_wconf 81' lang='lat' dir='ltr'>split</span> <span class='ocrx_word' id='word_1_355' title='bbox 435 3131 474 3162; x_wconf 83' lang='lat' dir='ltr'>at</span> <span class='ocrx_word' id='word_1_356' title='bbox 507 3127 571 3162; x_wconf 90' lang='lat' dir='ltr'>the</span> <span class='ocrx_word' id='word_1_357' title='bbox 605 3128 728 3173; x_wconf 88' lang='lat' dir='ltr'>points</span> <span class='ocrx_word' id='word_1_358' title='bbox 762 3128 958 3163; x_wconf 79' lang='lat' dir='ltr'>indicated.</span> 
     </span>
    </p>
   </div>
   <div class='ocr_carea' id='block_1_17' title="bbox 1028 2091 1806 3172">
    <p class='ocr_par' dir='ltr' id='par_1_20' title="bbox 1030 2091 1800 2174">
     <span class='ocr_line' id='line_1_55' title="bbox 1031 2091 1800 2137; baseline 0 -11"><span class='ocrx_word' id='word_1_359' title='bbox 1031 2091 1111 2127; x_wconf 88' lang='lat' dir='ltr'>The</span> <span class='ocrx_word' id='word_1_360' title='bbox 1144 2093 1264 2127; x_wconf 82' lang='lat' dir='ltr'>entire</span> <span class='ocrx_word' id='word_1_361' title='bbox 1297 2094 1418 2137; x_wconf 68' lang='lat' dir='ltr'>Diyest</span> <span class='ocrx_word' id='word_1_362' title='bbox 1450 2093 1606 2127; x_wconf 78' lang='lat' dir='ltr'>consists</span> <span class='ocrx_word' id='word_1_363' title='bbox 1643 2091 1686 2127; x_wconf 87' lang='lat' dir='ltr'>of</span> <span class='ocrx_word' id='word_1_364' title='bbox 1718 2091 1800 2137; x_wconf 85' lang='lat' dir='ltr'>fifty</span> 
     </span>
     <span class='ocr_line' id='line_1_56' title="bbox 1030 2139 1157 2174; baseline -0.008 0"><span class='ocrx_word' id='word_1_365' title='bbox 1030 2139 1157 2174; x_wconf 82' lang='lat' dir='ltr'>books.</span> 
     </span>
    </p>

    <p class='ocr_par' dir='ltr' id='par_1_21' title="bbox 1031 2185 1801 2460">
     <span class='ocr_line' id='line_1_57' title="bbox 1079 2185 1801 2231; baseline 0 -11"><span class='ocrx_word' id='word_1_366' title='bbox 1079 2186 1105 2205; x_wconf 82' lang='lat'>²⁹</span> <span class='ocrx_word' id='word_1_367' title='bbox 1123 2189 1203 2231; x_wconf 64' lang='grc' dir='ltr'>Περ.</span> <span class='ocrx_word' id='word_1_368' title='bbox 1222 2199 1342 2221; x_wconf 64' lang='lat' dir='ltr'>cana:</span> <span class='ocrx_word' id='word_1_369' title='bbox 1366 2199 1388 2220; x_wconf 85' lang='lat' dir='ltr'>a</span> <span class='ocrx_word' id='word_1_370' title='bbox 1411 2186 1607 2221; x_wconf 85' lang='lat' dir='ltr'>collection</span> <span class='ocrx_word' id='word_1_371' title='bbox 1630 2186 1673 2220; x_wconf 92' lang='lat' dir='ltr'>of</span> <span class='ocrx_word' id='word_1_372' title='bbox 1694 2185 1801 2231; x_wconf 83' lang='lat' dir='ltr'>papal</span> 
     </span>
     <span class='ocr_line' id='line_1_58' title="bbox 1031 2233 1799 2279; baseline -0.001 -11"><span class='ocrx_word' id='word_1_373' title='bbox 1031 2234 1238 2277; x_wconf 81' lang='lat' dir='ltr'>mandates,</span> <span class='ocrx_word' id='word_1_374' title='bbox 1281 2233 1523 2279; x_wconf 84' lang='lat' dir='ltr'>regulations,</span> <span class='ocrx_word' id='word_1_375' title='bbox 1566 2234 1799 2276; x_wconf 87' lang='lat' dir='ltr'>ordinances,</span> 
     </span>
     <span class='ocr_line' id='line_1_59' title="bbox 1032 2281 1801 2318; baseline -0.003 -3"><span class='ocrx_word' id='word_1_376' title='bbox 1032 2281 1098 2318; x_wconf 65' lang='grc' dir='ltr'>ὣο.</span> <span class='ocrx_word' id='word_1_377' title='bbox 1166 2281 1285 2316; x_wconf 82' lang='lat' dir='ltr'>These</span> <span class='ocrx_word' id='word_1_378' title='bbox 1307 2293 1402 2316; x_wconf 84' lang='lat' dir='ltr'>were</span> <span class='ocrx_word' id='word_1_379' title='bbox 1427 2281 1591 2315; x_wconf 86' lang='lat' dir='ltr'>reissued</span> <span class='ocrx_word' id='word_1_380' title='bbox 1616 2281 1689 2315; x_wconf 82' lang='lat' dir='ltr'>and</span> <span class='ocrx_word' id='word_1_381' title='bbox 1714 2292 1801 2314; x_wconf 88' lang='lat' dir='ltr'>con-</span> 
     </span>
     <span class='ocr_line' id='line_1_60' title="bbox 1031 2327 1800 2374; baseline -0.003 -12"><span class='ocrx_word' id='word_1_382' title='bbox 1031 2328 1161 2363; x_wconf 87' lang='lat' dir='ltr'>firmed</span> <span class='ocrx_word' id='word_1_383' title='bbox 1210 2328 1259 2374; x_wconf 92' lang='lat' dir='ltr'>by</span> <span class='ocrx_word' id='word_1_384' title='bbox 1300 2329 1503 2363; x_wconf 83' lang='lat' dir='ltr'>successive</span> <span class='ocrx_word' id='word_1_385' title='bbox 1554 2328 1684 2373; x_wconf 88' lang='lat' dir='ltr'>Popes,</span> <span class='ocrx_word' id='word_1_386' title='bbox 1727 2327 1800 2361; x_wconf 86' lang='lat' dir='ltr'>and</span> 
     </span>
     <span class='ocr_line' id='line_1_61' title="bbox 1031 2374 1801 2421; baseline -0.003 -11"><span class='ocrx_word' id='word_1_387' title='bbox 1031 2387 1234 2410; x_wconf 86' lang='lat' dir='ltr'>numerous</span> <span class='ocrx_word' id='word_1_388' title='bbox 1255 2375 1414 2410; x_wconf 89' lang='lat' dir='ltr'>editions</span> <span class='ocrx_word' id='word_1_389' title='bbox 1437 2375 1509 2409; x_wconf 82' lang='lat' dir='ltr'>had</span> <span class='ocrx_word' id='word_1_390' title='bbox 1534 2374 1716 2421; x_wconf 84' lang='lat' dir='ltr'>appeared</span> <span class='ocrx_word' id='word_1_391' title='bbox 1741 2374 1801 2409; x_wconf 90' lang='lat' dir='ltr'>be-</span> 
     </span>
     <span class='ocr_line' id='line_1_62' title="bbox 1031 2423 1231 2460; baseline 0.005 -3"><span class='ocrx_word' id='word_1_392' title='bbox 1031 2423 1110 2457; x_wconf 88' lang='lat' dir='ltr'>fore</span> <span class='ocrx_word' id='word_1_393' title='bbox 1130 2423 1231 2460; x_wconf 83' lang='grc'><strong>1517.</strong></span> 
     </span>
    </p>

    <p class='ocr_par' dir='ltr' id='par_1_22' title="bbox 1028 2467 1806 3172">
     <span class='ocr_line' id='line_1_63' title="bbox 1077 2467 1799 2515; baseline -0.001 -12"><span class='ocrx_word' id='word_1_394' title='bbox 1077 2469 1106 2488; x_wconf 82' lang='lat'>³³</span> <span class='ocrx_word' id='word_1_395' title='bbox 1125 2471 1363 2514; x_wconf 63' lang='lat' dir='ltr'>(vsu8107195.·</span> <span class='ocrx_word' id='word_1_396' title='bbox 1376 2469 1533 2515; x_wconf 83' lang='lat' dir='ltr'>perhaps</span> <span class='ocrx_word' id='word_1_397' title='bbox 1545 2469 1592 2514; x_wconf 80' lang='lat' dir='ltr'>by</span> <span class='ocrx_word' id='word_1_398' title='bbox 1607 2467 1799 2510; x_wconf 78' lang='lat' dir='ltr'>wilhelm,</span> 
     </span>
     <span class='ocr_line' id='line_1_64' title="bbox 1030 2515 1800 2552; baseline -0.003 -1"><span class='ocrx_word' id='word_1_399' title='bbox 1030 2517 1133 2552; x_wconf 87' lang='lat' dir='ltr'>third</span> <span class='ocrx_word' id='word_1_400' title='bbox 1181 2529 1248 2551; x_wconf 90' lang='lat' dir='ltr'>son</span> <span class='ocrx_word' id='word_1_401' title='bbox 1297 2517 1339 2551; x_wconf 91' lang='lat' dir='ltr'>of</span> <span class='ocrx_word' id='word_1_402' title='bbox 1388 2516 1590 2551; x_wconf 78' lang='lat' dir='ltr'>Francesco</span> <span class='ocrx_word' id='word_1_403' title='bbox 1639 2515 1800 2549; x_wconf 82' lang='lat' dir='ltr'>Accorso</span> 
     </span>
     <span class='ocr_line' id='line_1_65' title="bbox 1032 2561 1798 2609; baseline -0.004 -10"><span class='ocrx_word' id='word_1_404' title='bbox 1032 2565 1273 2609; x_wconf 85' lang='lat' dir='ltr'>(Accursius).</span> <span class='ocrx_word' id='word_1_405' title='bbox 1324 2564 1383 2598; x_wconf 87' lang='lat' dir='ltr'>He</span> <span class='ocrx_word' id='word_1_406' title='bbox 1410 2575 1480 2598; x_wconf 78' lang='lat' dir='ltr'>was</span> <span class='ocrx_word' id='word_1_407' title='bbox 1511 2563 1601 2597; x_wconf 84' lang='lat' dir='ltr'>born</span> <span class='ocrx_word' id='word_1_408' title='bbox 1627 2563 1665 2596; x_wconf 88' lang='lat' dir='ltr'>in</span> <span class='ocrx_word' id='word_1_409' title='bbox 1695 2561 1798 2605; x_wconf 77' lang='lat'><strong>1246,</strong></span> 
     </span>
     <span class='ocr_line' id='line_1_66' title="bbox 1030 2609 1806 2657; baseline -0.005 -11"><span class='ocrx_word' id='word_1_410' title='bbox 1030 2612 1103 2646; x_wconf 88' lang='lat' dir='ltr'>and</span> <span class='ocrx_word' id='word_1_411' title='bbox 1129 2612 1249 2646; x_wconf 88' lang='lat' dir='ltr'>ended</span> <span class='ocrx_word' id='word_1_412' title='bbox 1279 2611 1336 2645; x_wconf 89' lang='lat' dir='ltr'>his</span> <span class='ocrx_word' id='word_1_413' title='bbox 1365 2611 1454 2657; x_wconf 78' lang='lat' dir='ltr'>days</span> <span class='ocrx_word' id='word_1_414' title='bbox 1480 2622 1518 2644; x_wconf 85' lang='lat' dir='ltr'>as</span> <span class='ocrx_word' id='word_1_415' title='bbox 1549 2609 1738 2644; x_wconf 86' lang='lat' dir='ltr'>Professor</span> <span class='ocrx_word' id='word_1_416' title='bbox 1763 2609 1806 2642; x_wconf 88' lang='lat' dir='ltr'>of</span> 
     </span>
     <span class='ocr_line' id='line_1_67' title="bbox 1031 2656 1801 2704; baseline -0.005 -11"><span class='ocrx_word' id='word_1_417' title='bbox 1031 2659 1323 2704; x_wconf 84' lang='lat' dir='ltr'>Jurisprudence</span> <span class='ocrx_word' id='word_1_418' title='bbox 1351 2662 1390 2692; x_wconf 85' lang='lat' dir='ltr'>at</span> <span class='ocrx_word' id='word_1_419' title='bbox 1420 2656 1597 2702; x_wconf 85' lang='lat' dir='ltr'>Bologna.</span> <span class='ocrx_word' id='word_1_420' title='bbox 1647 2656 1801 2690; x_wconf 83' lang='lat' dir='ltr'>Maurus</span> 
     </span>
     <span class='ocr_line' id='line_1_68' title="bbox 1031 2705 1801 2749; baseline -0.005 -9"><span class='ocrx_word' id='word_1_421' title='bbox 1031 2706 1187 2749; x_wconf 72' lang='lat' dir='ltr'>sattius,</span> <span class='ocrx_word' id='word_1_422' title='bbox 1215 2708 1268 2740; x_wconf 80' lang='lat' dir='ltr'>De</span> <span class='ocrx_word' id='word_1_423' title='bbox 1294 2707 1377 2740; x_wconf 75' lang='lat' dir='ltr'>clar.</span> <span class='ocrx_word' id='word_1_424' title='bbox 1406 2705 1680 2748; x_wconf 71' lang='lat' dir='ltr'>arehiyymnasii</span> <span class='ocrx_word' id='word_1_425' title='bbox 1707 2705 1801 2737; x_wconf 77' lang='lat' dir='ltr'>Bon-</span> 
     </span>
     <span class='ocr_line' id='line_1_69' title="bbox 1031 2750 1798 2796; baseline -0.001 -10"><span class='ocrx_word' id='word_1_426' title='bbox 1031 2755 1185 2787; x_wconf 60' lang='lat' dir='ltr'>oniensis·</span> <span class='ocrx_word' id='word_1_427' title='bbox 1210 2754 1374 2796; x_wconf 56' lang='lat' dir='ltr'>profess,</span> <span class='ocrx_word' id='word_1_428' title='bbox 1402 2751 1559 2793; x_wconf 87' lang='lat' dir='ltr'>Bonon.,</span> <span class='ocrx_word' id='word_1_429' title='bbox 1591 2751 1694 2793; x_wconf 76' lang='lat'><strong>1769,</strong></span> <span class='ocrx_word' id='word_1_430' title='bbox 1722 2750 1748 2785; x_wconf 92' lang='grc' dir='ltr'>Ι.</span> <span class='ocrx_word' id='word_1_431' title='bbox 1777 2750 1798 2785; x_wconf 89' lang='lat' dir='ltr'>i.</span> 
     </span>
     <span class='ocr_line' id='line_1_70' title="bbox 1032 2812 1802 2890; baseline -0.005 -9"><span class='ocrx_word' id='word_1_432' title='bbox 1032 2812 1054 2846; x_wconf 75' lang='lat' dir='ltr'>p</span> <span class='ocrx_word' id='word_1_433' title='bbox 1078 2846 1105 2866; x_wconf 81' lang='lat'>³⁵</span> <span class='ocrx_word' id='word_1_434' title='bbox 1118 2847 1306 2890; x_wconf 78' lang='lat' dir='ltr'>profunde.</span> <span class='ocrx_word' id='word_1_435' title='bbox 1366 2844 1561 2889; x_wconf 87' lang='lat' dir='ltr'>Stintzing,</span> <span class='ocrx_word' id='word_1_436' title='bbox 1594 2845 1711 2878; x_wconf 70' lang='lat' dir='ltr'>Gesch.</span> <span class='ocrx_word' id='word_1_437' title='bbox 1740 2845 1802 2878; x_wconf 87' lang='lat' dir='ltr'>der</span> 
     </span>
     <span class='ocr_line' id='line_1_71' title="bbox 1028 2892 1800 2937; baseline -0.003 -11"><span class='ocrx_word' id='word_1_438' title='bbox 1028 2895 1222 2937; x_wconf 74' lang='lat' dir='ltr'>populiiren</span> <span class='ocrx_word' id='word_1_439' title='bbox 1258 2894 1325 2926; x_wconf 82' lang='lat' dir='ltr'>Lit.</span> <span class='ocrx_word' id='word_1_440' title='bbox 1360 2894 1419 2926; x_wconf 71' lang='lat' dir='ltr'>des</span> <span class='ocrx_word' id='word_1_441' title='bbox 1454 2896 1540 2925; x_wconf 75' lang='lat' dir='ltr'>riim.</span> <span class='ocrx_word' id='word_1_442' title='bbox 1576 2892 1706 2925; x_wconf 74' lang='lat' dir='ltr'>Itanon.</span> <span class='ocrx_word' id='word_1_443' title='bbox 1741 2892 1800 2933; x_wconf 68' lang='lat' dir='ltr'>R„</span> 
     </span>
     <span class='ocr_line' id='line_1_72' title="bbox 1031 2937 1801 2986; baseline -0.004 -12"><span class='ocrx_word' id='word_1_444' title='bbox 1031 2942 1154 2986; x_wconf 86' lang='lat' dir='ltr'>points</span> <span class='ocrx_word' id='word_1_445' title='bbox 1192 2944 1258 2973; x_wconf 89' lang='lat' dir='ltr'>out</span> <span class='ocrx_word' id='word_1_446' title='bbox 1294 2939 1378 2973; x_wconf 85' lang='lat' dir='ltr'>that</span> <span class='ocrx_word' id='word_1_447' title='bbox 1415 2939 1452 2972; x_wconf 90' lang='lat' dir='ltr'>in</span> <span class='ocrx_word' id='word_1_448' title='bbox 1489 2937 1554 2972; x_wconf 85' lang='lat' dir='ltr'>the</span> <span class='ocrx_word' id='word_1_449' title='bbox 1594 2940 1704 2972; x_wconf 72' lang='lat' dir='ltr'>C&#39;asus</span> <span class='ocrx_word' id='word_1_450' title='bbox 1736 2937 1801 2972; x_wconf 87' lang='lat' dir='ltr'>the</span> 
     </span>
     <span class='ocr_line' id='line_1_73' title="bbox 1030 2984 1801 3031; baseline -0.005 -9"><span class='ocrx_word' id='word_1_451' title='bbox 1030 2991 1233 3022; x_wconf 80' lang='lat' dir='ltr'>treatment</span> <span class='ocrx_word' id='word_1_452' title='bbox 1255 2986 1297 3019; x_wconf 87' lang='lat' dir='ltr'>of</span> <span class='ocrx_word' id='word_1_453' title='bbox 1317 2986 1381 3020; x_wconf 86' lang='lat' dir='ltr'>the</span> <span class='ocrx_word' id='word_1_454' title='bbox 1404 2984 1547 3029; x_wconf 86' lang='lat' dir='ltr'>subject</span> <span class='ocrx_word' id='word_1_455' title='bbox 1568 2986 1597 3019; x_wconf 77' lang='lat' dir='ltr'>is</span> <span class='ocrx_word' id='word_1_456' title='bbox 1617 2997 1657 3020; x_wconf 90' lang='lat' dir='ltr'>so</span> <span class='ocrx_word' id='word_1_457' title='bbox 1676 2996 1801 3031; x_wconf 88' lang='lat' dir='ltr'>super-</span> 
     </span>
     <span class='ocr_line' id='line_1_74' title="bbox 1031 3031 1801 3078; baseline -0.003 -10"><span class='ocrx_word' id='word_1_458' title='bbox 1031 3033 1127 3068; x_wconf 79' lang='lat' dir='ltr'>ficial</span> <span class='ocrx_word' id='word_1_459' title='bbox 1146 3036 1228 3076; x_wconf 88' lang='lat' dir='ltr'>(not</span> <span class='ocrx_word' id='word_1_460' title='bbox 1249 3037 1289 3067; x_wconf 84' lang='lat' dir='ltr'>to</span> <span class='ocrx_word' id='word_1_461' title='bbox 1312 3044 1375 3078; x_wconf 87' lang='lat' dir='ltr'>say</span> <span class='ocrx_word' id='word_1_462' title='bbox 1393 3031 1493 3078; x_wconf 84' lang='lat' dir='ltr'>silly)</span> <span class='ocrx_word' id='word_1_463' title='bbox 1520 3032 1604 3067; x_wconf 84' lang='lat' dir='ltr'>that</span> <span class='ocrx_word' id='word_1_464' title='bbox 1627 3032 1692 3067; x_wconf 86' lang='lat' dir='ltr'>the</span> <span class='ocrx_word' id='word_1_465' title='bbox 1717 3031 1801 3066; x_wconf 86' lang='lat' dir='ltr'>title</span> 
     </span>
     <span class='ocr_line' id='line_1_75' title="bbox 1030 3078 1802 3125; baseline -0.001 -10"><span class='ocrx_word' id='word_1_466' title='bbox 1030 3081 1072 3116; x_wconf 89' lang='lat' dir='ltr'>of</span> <span class='ocrx_word' id='word_1_467' title='bbox 1105 3081 1180 3115; x_wconf 81' lang='lat' dir='ltr'>this</span> <span class='ocrx_word' id='word_1_468' title='bbox 1215 3078 1339 3114; x_wconf 82' lang='lat' dir='ltr'>trivia]</span> <span class='ocrx_word' id='word_1_469' title='bbox 1373 3080 1594 3125; x_wconf 85' lang='lat' dir='ltr'>production</span> <span class='ocrx_word' id='word_1_470' title='bbox 1629 3079 1659 3114; x_wconf 89' lang='lat' dir='ltr'>is</span> <span class='ocrx_word' id='word_1_471' title='bbox 1698 3080 1802 3125; x_wconf 82' lang='lat' dir='ltr'>quite</span> 
     </span>
     <span class='ocr_line' id='line_1_76' title="bbox 1029 3127 1261 3172; baseline 0.004 -11"><span class='ocrx_word' id='word_1_472' title='bbox 1029 3127 1261 3172; x_wconf 86' lang='lat' dir='ltr'>misleading.</span> 
     </span>
    </p>
   </div>
   <div class='ocr_carea' id='block_1_18' title="bbox 951 3188 1047 3230">
    <p class='ocr_par' dir='ltr' id='par_1_23' title="bbox 951 3188 1047 3230">
     <span class='ocr_line' id='line_1_77' title="bbox 951 3188 1047 3230; baseline -0.01 0"><span class='ocrx_word' id='word_1_473' title='bbox 951 3188 1047 3230; x_wconf 88' lang='lat'>169</span> 
     </span>
    </p>
   </div>
   <div class='ocr_carea' id='block_1_19' title="bbox 1625 961 1870 1004">
    <p class='ocr_par' dir='ltr' id='par_1_24' title="bbox 1625 961 1870 1004">
     <span class='ocr_line' id='line_1_78' title="bbox 1625 961 1870 1004; baseline -0.016 0"><span class='ocrx_word' id='word_1_474' title='bbox 1625 961 1678 1004; x_wconf 92' lang='lat' dir='ltr'>et</span> <span class='ocrx_word' id='word_1_475' title='bbox 1718 961 1797 1003; x_wconf 89' lang='lat' dir='ltr'>est</span> <span class='ocrx_word' id='word_1_476' title='bbox 1832 970 1870 1000; x_wconf 86' lang='lat'>30</span> 
     </span>
    </p>
   </div>
  </div>
 </body>
</html>
