2247 3637
529 255 1120 312 BERNHARDUS
1175 255 1453 312 GELFF

196 366 416 413 Iohanni
452 365 696 413 Reuehlin
715 419 722 429 ρ
724 364 905 429 favent
924 386 937 412 .·
989 365 1076 413 secl
1109 364 1231 412 tales
1264 372 1380 412 sant
1418 366 1470 412 in
1511 366 1792 414 Germania

195 432 313 481 bene
354 432 421 480 X
452 432 718 496 Principes
759 438 805 480 et
843 431 1069 479 dominus
1107 432 1397 495 Imperator
1434 439 1527 480 met
1565 439 1610 480 et
1653 431 1794 480 multi

199 498 496 548 Cardinales
553 505 599 547 ct
652 499 894 563 Episcopi
952 499 1155 554 Romae,
1202 505 1249 547 et
1306 499 1409 562 ipse
1460 500 1793 547 sanctissimus

194 566 422 614 domium
461 566 613 629 Papa
654 566 776 621 Leo,
813 566 899 629 qni
940 582 1103 629 nuper
1143 566 1346 629 qnando
1389 565 1508 629 legit
1540 565 1792 629 epistolam

195 633 441 681 Iohannis
487 632 747 688 Reucltlin,
793 632 996 680 inultum
1039 631 1267 681 laudavit
1314 631 1458 681 talem,
1507 633 1667 681 virum
1719 634 1792 680 Et

195 701 324 748 (lia‘it
367 699 503 763 qnod
537 699 643 748 vult
680 717 789 748 enm
827 699 1094 764 defendere
1131 706 1305 748 contra
1344 716 1506 747 omnes
1541 700 1761 748 Fratres
1781 720 1792 742 .·

194 773 241 816 et
297 765 421 814 talia
469 766 709 815 diverunt
750 767 896 815 etiam.
942 767 1358 816 Reverendissimi
1407 766 1705 815 Cardinales
1754 783 1790 814 s.

196 833 373 881 Marce?
396 839 442 881 et
465 850 497 881 s.
528 833 746 895 Gemgii
770 840 815 882 ct
839 850 873 881 s.
907 834 1226 897 Clarissogoni
1250 840 1296 882 et
1320 833 1408 881 alii
1426 833 1612 898 plnres.

295 901 359 949 {I
386 896 696 964 Respondeo
742 901 879 964 quod
919 901 1237 949 Pfefferkorn
1285 901 1407 948 fecit
1454 901 1550 948 hoc
1598 901 1795 955 Amore

195 966 424 1015 veritatis
465 983 566 1031 que
608 974 686 1015 est
727 968 889 1015 maior
928 985 1085 1031 quam
1127 969 1270 1032 Papa
1313 974 1365 1016 et
1410 969 1701 1032 Imperator
1741 975 1796 1017 et

196 1050 374 1081 omnes
411 1034 706 1082 Cardinales
742 1041 795 1082 et
831 1035 1075 1100 Episcopi
1112 1042 1165 1083 et
1200 1035 1477 1100 Principes.
1563 1035 1636 1083 Et
1673 1053 1794 1100 ergo

196 1101 249 1148 in
284 1101 654 1165 protestatione
691 1119 780 1149 sua
815 1101 968 1158 finali,
997 1103 1043 1150 O
1074 1102 1158 1166 iiij.
1187 1102 1256 1150 sic
1287 1109 1500 1150 excusat
1530 1119 1613 1151 se:
1652 1111 1680 1129 ‘⁶
1702 1104 1795 1151 Me

197 1169 367 1233 ipsum
395 1168 526 1216 duce
560 1169 774 1216 veritate
808 1176 859 1217 et
890 1170 996 1217 sine
1032 1168 1242 1217 alicuius
1279 1170 1537 1218 defensioe
1572 1169 1790 1218 defendi.

198 1235 337 1283 Nam
404 1236 702 1284 Hieremiae
744 1236 985 1284 vaticinio
1033 1236 1346 1285 Maledictus
1405 1238 1493 1301 qui
1556 1237 1794 1300 prohibet

194 1302 426 1368 gladium
468 1319 619 1351 suum
661 1321 689 1351 a
727 1303 1007 1367 sanguine:
1045 1310 1097 1351 et
1138 1303 1320 1352 melius
1362 1310 1440 1351 est
1481 1305 1702 1353 incidere
1744 1306 1796 1353 in

198 1386 381 1418 manus
423 1370 692 1418 hominum
731 1387 888 1434 quam
935 1370 988 1418 in
1034 1387 1216 1418 manus
1252 1372 1623 1435 omnipotentis
1670 1372 1797 1420 dei.”

198 1436 271 1484 Et
313 1453 434 1501 ergo
482 1444 633 1502 putat
669 1438 810 1502 quod
847 1438 1028 1486 melius
1076 1445 1153 1487 est
1201 1438 1460 1486 offendere
1508 1439 1706 1502 Papam
1744 1446 1796 1487 et

199 1506 571 1570 Imperatorem
595 1522 753 1569 quam
778 1505 1066 1562 veritatem,
1092 1504 1144 1552 id
1168 1511 1246 1553 est
1271 1506 1440 1554 deum.
1511 1505 1649 1562 Quia
1672 1506 1798 1554 deus

198 1578 275 1620 est
303 1572 499 1620 veritas.

196 267 250 305 11.
275 269 343 318 28]

621 1732 684 1780 «I
712 1730 981 1779 SEPTIMUS
1024 1731 1340 1780 ARTICULUS

300 1831 362 1879 ΕΙ
387 1830 532 1877 Dicit
579 1829 922 1878 Reacldinista
941 1852 954 1878 .·
1000 1829 1329 1895 Pjefferlrorn
1374 1832 1426 1879 in
1468 1833 1632 1881 eodem
1674 1832 1800 1881 libro

199 1914 300 1945 ‘ano
336 1897 597 1961 eodemque
633 1896 735 1945 loco
771 1898 1025 1945 committit
1058 1897 1296 1947 haeresim.
1331 1905 1378 1947 et
1407 1899 1606 1948 Crimen
1642 1899 1802 1949 laesae

201 1965 478 2013 maiestatis.
556 1964 693 2023 Quia
735 1965 854 2012 (licit
899 1965 947 2012 O
967 1967 1014 2029 J'.
1060 1964 1286 2013 columna
1327 1966 1378 2029 ij.
1454 1974 1484 1992 ‘⁶
1504 1968 1632 2015 rVon
1666 1985 1802 2032 pag-

202 2038 357 2079 natur
388 2031 463 2080 lzz‘c
490 2030 681 2095 gladio,
707 2049 809 2080 non
846 2031 1048 2088 viribus,
1075 2050 1177 2080 non
1205 2032 1349 2081 hasta
1373 2035 1717 2098 progreditur
1748 2035 1802 2082 in

199 2116 424 2163 eampum
452 2099 608 2162 (quod
629 2098 892 2163 superbiae
915 2100 1115 2148 Crimen
1143 2104 1233 2159 est)
1255 2118 1360 2148 cam
1382 2118 1501 2165 rege
1516 2101 1662 2157 miles,
1683 2102 1800 2151 etc.”

201 2166 284 2214 Ibi
319 2166 447 2214 enim
480 2166 596 2214 dicit
634 2167 770 2230 qnod
791 2166 974 2215 bellare
1008 2173 1055 2215 et
1088 2168 1162 2215 ire
1195 2168 1248 2215 in
1281 2185 1505 2232 eampum
1540 2169 1802 2234 superbiae

200 2234 384 2281 crimen
407 2239 478 2282 est
497 2254 510 2280 .·
537 2233 625 2281 sed
645 2232 954 2298 ltocfaciunt
972 2234 1125 2298 Papa
1149 2241 1195 2282 et
1221 2235 1525 2298 Imperator,
1543 2243 1590 2284 et
1612 2253 1801 2301 semper

183 2300 444 2364 fecerant,
470 2306 517 2349 et
541 2301 688 2349 etiam
713 2300 854 2348 malti
878 2302 1097 2364 quisunt
1122 2302 1175 2349 in
1205 2302 1481 2367 Cathalogo
1498 2310 1796 2352 sanctornm.

203 2368 260 2415 Si
288 2384 410 2431 ergo
439 2368 514 2416 ire
546 2368 599 2415 in
635 2385 859 2432 campum
888 2375 1008 2417 esset
1037 2369 1237 2417 Crimen
1270 2369 1546 2433 superbiae,
1574 2377 1693 2418 tane
1728 2369 1801 2417 illi

200 2435 361 2483 sancti
397 2441 444 2483 et
484 2435 759 2498 imperator
801 2436 1065 2484 modernus
1105 2442 1152 2485 et
1193 2437 1340 2485 etiam
1370 2454 1519 2501 papa
1560 2443 1715 2486 essent
1746 2438 1800 2484 in

249 2572 291 2592 1⁶⁴
318 2576 421 2608 (sard.
450 2573 628 2608 Raffaello
641 2573 968 2616 Riario,Cardinal

202 2621 243 2654 of
257 2622 291 2656 S.
310 2621 484 2666 Georgio‚
503 2633 574 2655 was
599 2621 783 2665 degraded
807 2621 863 2654 for
881 2632 968 2654 con-

202 2669 345 2713 spiracy
370 2669 516 2713 against
542 2668 614 2702 Leo
640 2669 684 2703 X.
714 2669 751 2701 in
780 2668 881 2710 1517,
901 2668 968 2702 but

203 2726 274 2748 was
291 2726 380 2749 soon
398 2716 563 2749 restored
588 2720 627 2750 to
652 2715 790 2750 favour.
843 2715 966 2748 Domi-

204 2762 287 2795 nico
304 2761 486 2805 Grimani,
506 2762 681 2796 Cardinal
708 2763 750 2797 of
771 2763 804 2797 S.
824 2762 966 2805 Marco,

204 2808 276 2842 had
303 2808 396 2842 been
421 2810 622 2854 appointed
649 2810 696 2855 by
712 2809 778 2844 the
806 2809 904 2855 Pope
930 2814 968 2843 to

204 2856 276 2889 cite
306 2855 490 2889 Reuchliu
519 2860 558 2889 to
584 2868 733 2901 appear,
759 2855 969 2901 personally

204 2913 245 2935 or
282 2901 446 2943 through
475 2914 522 2935 an
551 2903 739 2946 advocate,
770 2908 809 2937 at
841 2903 969 2937 Rome.

204 2948 749 2991 AdriandiCastello‚Cardinal
760 2950 801 2983 of
809 2950 841 2983 S.
848 2950 969 2984 Chris-

203 3007 325 3040 ogono
350 2995 405 3038 (to
430 2995 475 3030 be
501 2995 682 3041 carefully
699 2996 969 3041 distinguished

205 3043 300 3076 from
323 3042 465 3076 Adrian
493 3043 534 3076 of
561 3040 730 3086 Utrecht,'
757 3043 970 3078 afterwards

206 3089 304 3135 Pope
318 3089 460 3123 Adi-ian
474 3088 568 3132 VI.),
584 3101 654 3123 was
670 3089 748 3124 also
765 3101 835 3124 one
852 3090 894 3124 of
906 3090 970 3124 the

205 3137 454 3182 conspirators
478 3137 625 3182 against
648 3136 720 3171 Leo
745 3136 806 3180 X.5
832 3137 905 3170 aud
931 3141 970 3171 to

1034 2575 1140 2609 avoid
1152 2575 1217 2609 the
1228 2574 1380 2620 penalty
1392 2575 1462 2609 fled
1475 2575 1568 2608 from
1582 2575 1706 2610 Rome.
1743 2575 1802 2609 He

1036 2633 1108 2655 was
1132 2634 1179 2655 an
1205 2621 1476 2667 accomplished
1494 2622 1652 2665 scholar,
1671 2623 1743 2656 and
1762 2627 1802 2656 to

1036 2669 1114 2702 him
1140 2669 1326 2703 Reuchlin
1356 2668 1548 2703 dedicated
1576 2681 1646 2703 one
1677 2670 1720 2703 of
1744 2669 1801 2703 his

1036 2715 1155 2750 works
1169 2727 1217 2749 on
1232 2716 1389 2750 Hebrew
1400 2727 1595 2760 grammar.
1645 2716 1801 2759 Adi-ian,

1036 2763 1118 2796 who
1140 2775 1212 2796 was
1237 2764 1275 2796 in
1300 2762 1390 2807 high
1416 2763 1545 2796 favour
1565 2763 1651 2797 with
1672 2763 1802 2809 Henry

1037 2810 1156 2850 VIII„
1175 2821 1245 2843 was
1264 2810 1400 2843 Rector
1425 2809 1467 2843 of
1487 2810 1538 2843 St.
1560 2810 1803 2844 Dunstau-in-

1036 2856 1222 2899 the-East,
1253 2856 1325 2889 and
1355 2855 1441 2890 held
1470 2856 1712 2903 successively
1738 2858 1803 2892 the

1039 2915 1117 2937 sees
1151 2904 1192 2936 of
1223 2902 1407 2936 Hereford
1442 2902 1513 2936 and
1545 2903 1655 2947 Bath,
1684 2904 1802 2938 which

1037 2950 1150 2984 latter
1166 2950 1214 2983 he
1231 2950 1370 2983 fai-med
1385 2954 1452 2983 out
1467 2954 1506 2983 to
1523 2949 1572 2982 W
1575 2950 1686 2997 olsey.
1737 2952 1804 2987 See

1040 2997 1192 3042 Rymer‚
1212 2998 1329 3038 Foed„
1348 2997 1392 3029 vi.
1415 2997 1447 3039 1,
1469 2997 1544 3029 141.

1088 3043 1128 3062 ¹⁷⁵
1154 3045 1265 3077 Hier:
1290 3042 1366 3077 Jer.
1386 3043 1500 3077 xlviii.
1525 3044 1580 3079 10.

1088 3088 1129 3110 ¹⁷⁶
1156 3091 1291 3132 melius,
1320 3090 1408 3124 &oz
1435 3089 1458 3122 2
1487 3091 1580 3126 Sam.
1608 3093 1705 3127 xxiv,
1737 3093 1803 3135 143

1043 3137 1060 3169 l
1081 3136 1216 3170 Chron.
1235 3137 1307 3170 xxi.
1329 3136 1380 3170 13.

964 3197 1059 3240 195

1826 580 1884 610 165

1830 912 1887 943 170

1831 1247 1887 1278 175

1833 1581 1890 1612 180

1839 2043 1895 2073 185

1836 2383 1893 2412 190
