2247 3637
277 296 421 345 11.63]
517 278 891 339 IOANNES
946 275 1059 331 DE
1119 262 1795 328 SCHWINFORDIA

279 411 370 442 vos
413 390 752 455 Porquinum‚
778 388 874 435 hoc
910 390 989 433 est
1030 381 1195 448 porcis
1231 385 1283 426 et
1319 378 1439 425 hara
1468 375 1699 439 dignum.
1772 370 1873 417 Per
1906 386 1944 416 55

279 464 451 517 deum,
480 460 518 507 si
555 474 651 522 ego
689 455 868 504 scirem
903 451 1017 516 quis
1053 454 1186 497 esset
1222 446 1317 493 iste
1352 449 1519 509 poeta,
1545 441 1663 504 Ego
1688 437 1873 486 vellem

281 546 401 578 eum
426 532 689 592 gratanter
704 520 1011 586 suspendere
1027 519 1083 580 [·]
1108 514 1194 564 sed
1219 512 1439 561 finaliter
1456 526 1560 563 vos,
1589 505 1876 555 charissime

285 594 552 649 avuncule,
594 591 740 640 valde
784 590 998 636 Orarem
1041 590 1100 632 ut
1147 581 1320 630 omnia
1368 594 1486 626 cum
1534 590 1722 638 magna
1768 569 1877 617 dili-

286 662 462 728 gentia
503 657 752 711 faceretis,
790 655 929 720 quod
967 653 1104 700 fama
1145 655 1314 697 vestra
1359 662 1448 710 per
1488 648 1661 691 totum
1704 638 1879 686 orbem

284 739 537 786 terrarum
578 726 668 773 fiat
706 730 846 779 nota,
872 721 984 769 Nisi
1027 719 1208 766 scirem
1246 731 1348 762 non
1391 728 1518 776 opus
1551 724 1658 756 esse
1695 713 1755 753 ut
1790 720 1880 751 vos
1916 719 1954 749 60

291 798 647 846 admonerem:
689 792 794 838 Vos
830 788 968 838 enim
1005 802 1094 852 per
1129 800 1219 832 vos
1253 780 1463 847 pulchre
1494 776 1647 831 scitis,
1673 773 1736 822 ab
1761 771 1882 826 avis,

292 863 479 918 abaviS‚
529 859 715 908 attavis
754 864 806 906 et
853 855 1078 905 trittavis
1125 849 1339 905 habetis,
1378 844 1661 908 Praecipue
1707 846 1884 888 tamen

293 930 540 980 didicistis
588 945 616 974 a
661 931 826 974 matre
874 929 1043 971 vestra
1090 918 1382 968 charissima
1439 927 1655 975 meaque
1703 922 1886 960 sorore,

296 1015 396 1063 que
421 996 632 1045 audiens
668 993 807 1057 quod
844 989 999 1055 spurii
1036 1003 1236 1051 semper
1270 984 1462 1031 habent
1498 977 1763 1028 meliorem
1787 973 1890 1021 for-

295 1074 478 1115 tunam
512 1079 668 1126 quam
700 1057 958 1124 legittimi.
1038 1054 1231 1103 Iccirco
1264 1051 1325 1098 ad
1363 1047 1680 1098 sacerdotem
1714 1057 1889 1091 cucur-
1926 1050 1964 1081 65

297 1134 364 1181 rit
388 1140 441 1181 et
465 1128 698 1196 permisit
724 1143 775 1174 se
800 1125 1010 1179 lardare‚
1036 1129 1095 1170 ut
1120 1137 1210 1169 vos
1233 1118 1392 1167 talem
1418 1116 1586 1163 virum
1611 1112 1891 1177 generaret,

300 1201 476 1257 Quem
500 1204 643 1246 totus
668 1194 894 1243 mundus
919 1189 1193 1254 aliquando
1219 1189 1565 1250 cognosceret.
1627 1178 1812 1226 Valete
1831 1191 1894 1223 ex

304 1268 622 1316 Halberstat.

601 1368 755 1415 Quinta
776 1366 872 1402 luna
894 1364 1097 1401 Obscuros
1117 1364 1221 1397 viros
1242 1358 1386 1396 edidit.
1445 1355 1593 1392 Lector

655 1421 776 1460 Solue
798 1418 950 1455 nodum
978 1426 1193 1461 <W
1219 1418 1262 1450 et
1282 1411 1431 1448 ridebis
1451 1408 1637 1457 amplius.
1936 1417 1974 1449 70

755 1514 786 1556 [l
807 1514 1053 1563 Impressum
1074 1509 1273 1546 ROMANAE
1293 1506 1459 1544 CURIAE.

393 1631 496 1684 [The
518 1629 602 1665 first
624 1625 687 1664 ed.
709 1624 755 1661 of
777 1623 848 1661 the
876 1620 1025 1659 second
1055 1623 1145 1669 part
1165 1616 1242 1667 (D)
1263 1614 1363 1652 ends
1382 1613 1493 1650 here.
1553 1610 1601 1646 In
1622 1609 1689 1660 (E)
1713 1608 1787 1658 Ep.
1808 1609 1832 1643 i.
1858 1610 1905 1650 19

309 1690 342 1725 is
363 1683 572 1734 reprinted
593 1680 731 1718 before
754 1678 829 1714 No.
852 1673 934 1727 63]

1014 1834 1216 1884 LXIII

316 1969 379 2017 (Ε
434 1966 472 2013 I
473 1960 809 2013 OANNES
854 1958 971 2005 DE
1029 1954 1189 2003 SCH
1196 1953 1267 1999 W
1258 1952 1295 1999 I
1295 1947 1665 1998 NFORDIA
1729 1949 1915 2009 septen-

485 2047 628 2080 ανῑιηι
684 2027 871 2075 certium¹
919 2021 1197 2072 liberalium
1245 2018 1505 2082 filagister
1562 2012 1825 2077 seientffico
1872 2016 1916 2058 et

490 2095 781 2146 mirabiliter
832 2092 973 2140 docto
1021 2095 1171 2153 atque
1217 2085 1495 2134 illuminato
1542 2082 1651 2130 viro
1703 2078 1918 2127 Ortvino

495 2164 684 2214 Gratio
709 2163 763 2210 in
787 2157 1079 2208 Dcwentria
1109 2170 1347 2220 graecam
1372 2158 1418 2201 et
1451 2150 1659 2199 latinam
1695 2146 1917 2210 linguam

495 2228 852 2296 magistraliter
877 2224 1070 2274 docenti
1098 2221 1222 2270 mille
1245 2219 1428 2269 salutes
1453 2224 1498 2267 et
1515 2215 1675 2282 paulo
1692 2213 1824 2279 plus.
1957 2239 1975 2269 5

451 2344 986 2400 EVERENTIALI
1014 2344 1204 2391 honore
1230 2347 1282 2389 et
1302 2337 1594 2388 obedientia
1618 2330 1923 2399 praelibatis,

484 2420 795 2480 Praeceptor
829 2414 882 2460 in
917 2410 1145 2476 pluribus
1179 2407 1436 2457 scibilibus
1461 2409 1684 2469 experte.
1760 2398 1926 2462 Scrip-

330 2489 462 2539 sistis
499 2484 624 2534 mihi
660 2498 824 2547 nuper
859 2480 923 2527 de
958 2477 1172 2526 victoria
1207 2481 1376 2524 vestra
1411 2474 1625 2520 obtenta
1666 2469 1719 2517 in
1754 2467 1928 2514 Roma

331 2562 509 2606 contra
545 2554 704 2600 istum
742 2546 1000 2596 Reuchlin
1025 2545 1113 2609 qui
1149 2544 1392 2591 audacter
1416 2539 1515 2588 fuit
1542 2543 1718 2586 contra
1742 2549 1849 2588 vos,
1875 2537 1928 2579 et

331 2625 500 2672 virum
534 2619 737 2668 noviter
774 2615 982 2664 deificae
1025 2611 1376 2660 illuminatum
1412 2607 1466 2655 in
1503 2606 1602 2652 fide
1640 2600 1930 2650 Christiana
1964 2619 2002 2650 10

333 2693 587 2739 Ioannem
640 2684 866 2739 Pfeffer„
915 2680 989 2728 Et
1031 2677 1294 2743 quomodo
1347 2677 1492 2740 Papa
1539 2668 1786 2735 imposuit
1837 2664 1931 2714 sibi

335 2757 613 2810 silentium,
650 2753 723 2801 ita
758 2748 897 2815 quod
933 2747 1060 2796 nihil
1096 2745 1306 2794 deberet
1347 2741 1511 2806 magis
1554 2738 1784 2791 scribere,
1823 2741 1933 2780 “ne

384 2866 411 2885 ⁵⁵
430 2867 672 2908 Porquz'num:
688 2862 752 2896 the
764 2863 910 2895 nearest
920 2857 1101 2903 approach
1219 2853 1232 2872 ⁴
1258 2856 1403 2888 Darent.
1482 2851 1555 2883 But
1581 2848 1624 2882 O.
1658 2846 1732 2880 had
1772 2844 1865 2879 been
1899 2846 1937 2876 at

338 2920 378 2949 to
406 2913 481 2947 this
508 2913 537 2944 is
569 2906 864 2950 “Portuiiium,''
893 2904 1022 2940 coined
1056 2903 1104 2948 by
1174 2901 1338 2946 (tologne
1354 2900 1411 2934 for
1432 2903 1492 2932 ten
1506 2907 1620 2942 years.

339 2960 546 2995 Glareanus
564 2957 701 2998 (Hutt.,
722 2957 815 2998 Opp„
832 2955 855 2987 i.
868 2965 907 3011 ¹p.
928 2951 1020 2994 127).

387 3006 415 3025 ⁶⁹
443 3008 596 3049 Quinta:
616 3002 794 3046 unlucky.
846 2999 902 3034 cf.
1222 3005 1252 3025 ιο
1279 3006 1360 3046 (ἰεῦ.
1411 3003 1478 3041 μὴ,
1499 3000 1535 3033 in
1557 2996 1633 3044 [E]

343 3067 369 3084 “
379 3066 462 3111 Ipsa
474 3064 550 3097 dies
561 3061 651 3095 alios
663 3060 736 3094 alio
748 3059 850 3093 dedit
863 3058 991 3092 ordine
1005 3056 1108 3089 Luna

386 3111 518 3146 Felicis
536 3119 698 3155 operum.
752 3106 930 3149 Quintam
950 3102 1072 3147 fuge.”
1225 3096 1253 3116 ¹²
1276 3097 1451 3131 gilmztizcm
1465 3105 1476 3127 .·
1527 3092 1591 3126 the
1629 3090 1727 3136 Pope
1768 3087 1943 3133 enjoined

616 3154 779 3198 -Virg.,
798 3154 933 3195 (ἰείη-9.,
951 3151 972 3184 i.
991 3148 1070 3184 276.
1179 3145 1315 3179 silence
1333 3154 1381 3177 ou
1400 3140 1488 3175 both
1507 3140 1613 3174 sides.

1107 3208 1204 3249 263
