2247 3637
324 1392 359 1420 10

326 1726 361 1755 15

324 2065 362 2094 20

396 265 868 322 EPISTOLAE
929 262 1523 321 OBSCURORUM
1577 261 1988 318 VIRoRUM

1103 552 1291 599 XLIV

651 698 713 745 Gli
760 695 1082 742 PETRUS'
1124 694 1240 739 DE
1298 691 1586 739 WORMA
1604 692 1738 738 ΤΙΑ

764 763 842 809 M.
887 761 1101 809 Ortvino
1142 760 1331 807 Gratio
1368 760 1419 806 S.
1458 759 1521 806 P.
1562 758 1634 806 D.

512 907 594 954 IR
631 904 830 960 eximie,
868 902 1151 951 seeundum
1186 901 1325 964 quod
1367 901 1486 949 estis
1528 900 1653 948 mihi
1692 900 1993 949 naturaliter

555 973 827 1020 inclinatus
870 976 921 1018 et
969 969 1196 1017 multum
1233 968 1416 1017 favetis
1464 967 1617 1016 mihi:
1672 984 1792 1032 ergo
1835 969 1991 1016 etiam

395 1041 512 1089 volo
537 1040 680 1087 vobis
704 1039 868 1086 faeere
893 1036 1161 1102 possibilia.

496 1106 716 1154 Dixistis
776 1104 900 1152 mihi
959 1110 1134 1151 autem
1189 1103 1282 1150 “O
1337 1104 1507 1159 Petre,
1556 1102 1761 1166 quando
1808 1101 1992 1150 venitis

396 1175 636 1228 Romam,
685 1172 856 1220 videte
903 1188 966 1218 an
1014 1176 1135 1218 sunt
1181 1169 1300 1217 novi
1347 1169 1461 1217 libri
1509 1176 1561 1218 et
1608 1168 1827 1217 mittatis
1868 1169 1993 1216 mihi

394 1241 633 1304 aliquOS.”
704 1239 842 1286 Ecce
884 1237 1081 1286 habetis
1124 1254 1287 1285 unum
1329 1253 1523 1284 novum
1565 1236 1752 1284 librum
1791 1237 1879 1299 qui
1916 1242 1994 1284 est

395 1308 476 1356 hic
502 1308 821 1372 impressum.

497 1375 571 1423 Et
595 1374 714 1438 quia
738 1372 858 1421 estis
881 1378 1049 1438 poeta,
1076 1371 1226 1419 credo
1250 1371 1389 1434 quod
1414 1371 1627 1435 potestis
1653 1386 1742 1418 vos
1765 1370 1994 1419 multum

395 1459 458 1491 ex
484 1442 570 1490 illo
595 1441 872 1490 meliorare.

497 1508 637 1566 Quia
672 1507 843 1556 audivi
879 1507 960 1554 hic
996 1506 1048 1553 in
1081 1505 1368 1554 Audientia
1403 1505 1467 1552 ab
1504 1521 1607 1552 uno
1647 1504 1878 1559 Notario‚
1905 1505 1993 1568 qui

395 1577 549 1626 debet
586 1593 693 1625 esse
730 1565 899 1639 pfeetO
935 1574 986 1621 in
1022 1573 1112 1621 tali
1150 1579 1272 1628 arte,
1299 1573 1439 1636 quod
1474 1571 1569 1619 iste
1604 1571 1730 1619 liber
1766 1578 1844 1620 est
1878 1572 1993 1620 fons

397 1644 637 1709 poetriae,
666 1649 717 1691 et
750 1648 899 1689 autor
930 1641 1037 1689 eius
1073 1641 1162 1703 qui
1200 1646 1413 1687 vocatur
1447 1640 1711 1687 Homerus
1744 1645 1821 1687 est
1850 1646 1995 1704 pater

396 1711 629 1759 omnium
689 1716 990 1773 poetarum:
1051 1714 1103 1755 et
1150 1706 1281 1755 dixit
1328 1707 1467 1770 quod
1516 1713 1593 1754 est
1646 1706 1814 1754 adhue
1867 1706 1993 1754 alius

398 1779 661 1826 Homerus
687 1778 737 1824 in
765 1777 977 1823 GraeCO.

498 1846 647 1892 Tune
687 1844 821 1892 dixi:
870 1842 994 1906 quid
1031 1840 1156 1889 mihi
1199 1857 1316 1888 oum
1353 1843 1569 1904 graeco?
1640 1840 1736 1888 Ille
1774 1840 1993 1888 Latinus

397 1919 473 1961 est
516 1911 721 1960 melior:
769 1910 889 1974 quia
931 1909 1047 1956 volo
1086 1924 1205 1956 eum
1242 1907 1293 1954 in
1330 1907 1630 1954 Almaniam
1672 1907 1877 1955 mittere
1915 1908 1989 1955 M.

399 1979 635 2035 Ortvino‚
661 1978 750 2042 qui
775 1994 878 2024 non
905 1982 1048 2024 curat
1072 1975 1181 2023 illas
1205 1990 1408 2038 graecas
1432 1973 1687 2021 fantasias.

498 2045 571 2093 Et
605 2043 913 2108 interrogavi
947 2060 1065 2090 eum
1092 2042 1261 2106 “quid
1295 2041 1587 2089 continetur
1618 2040 1669 2087 in
1695 2040 1784 2088 tali
1817 2040 1993 2088 libro.”

398 2113 689 2177 Respondit
714 2112 852 2175 quod
870 2116 1059 2158 tractat
1084 2110 1147 2157 de
1172 2108 1481 2172 quibusdam
1502 2107 1618 2155 viris
1638 2108 1726 2171 qui
1746 2115 1994 2155 vocantur

399 2180 612 2228 Graeci:
661 2180 749 2243 qui
791 2177 1110 2226 bellaverunt
1158 2193 1277 2224 eum
1319 2174 1426 2223 aliis
1462 2175 1579 2222 viris
1620 2174 1709 2238 qui
1745 2181 1994 2223 vocantur

398 2247 621 2301 Troiani,
648 2263 777 2309 quos
803 2245 957 2292 etiam
983 2242 1154 2292 audivi
1180 2243 1318 2308 prius
1343 2243 1619 2290 nominare.

499 2314 573 2362 Et
597 2314 681 2361 isti
707 2311 913 2360 Troiani
938 2312 1227 2358 habuerunt
1252 2326 1409 2356 unam
1435 2326 1675 2373 magnam
1697 2308 1992 2364 Civitatem,

443 2531 455 2550 ⁷
481 2544 556 2566 nov.
571 2533 662 2573 libr„
678 2530 742 2565 «irc.
794 2529 962 2574 Bijcking
976 2528 1162 2562 considers

396 2580 477 2614 that
494 2579 569 2613 this
587 2580 630 2621 is,
650 2579 677 2596 “
691 2577 847 2611 without
870 2575 999 2618 doubt,
1019 2577 1162 2609 Homeri

398 2628 521 2660 Iliadis
542 2628 622 2660 libri
647 2627 755 2669 aliqui
776 2636 841 2667 per
866 2625 976 2657 Nic-ol.
996 2624 1037 2656 de
1072 2624 1163 2655 Valle

396 2676 504 2707 latina
523 2675 679 2707 carmine
702 2673 830 2705 redditi
857 2697 864 2704 .
893 2697 900 2704 .
931 2697 938 2704 .
969 2671 1162 2711 Impramwx

395 2725 445 2755 est
469 2722 532 2754 iste
558 2722 658 2754 Liber
690 2721 792 2752 Rome
810 2720 847 2751 in
865 2720 963 2750 domo
987 2718 1162 2749 Johannis

397 2769 550 2810 Philippi
576 2792 585 2800 .
611 2793 618 2800 .
645 2794 652 2801 .
684 2764 800 2800 1474’'
821 2764 952 2808 (Hain,
972 2765 1052 2805 lz'ep.
1081 2764 1161 2795 lm,-

396 2816 472 2856 lioy.
495 2826 530 2847 n.
550 2813 671 2857 8780).

442 2860 531 2894 This
561 2862 604 2904 is,
635 2861 815 2902 however,
844 2858 899 2892 far
924 2857 1017 2891 from
1047 2855 1158 2899 clear,

397 2908 585 2941 inasnnlch
612 2919 650 2940 as
678 2907 722 2941 N.
742 2907 786 2941 de
806 2904 938 2939 Valle's
961 2903 1160 2947 rendering

397 2955 439 2987 of
460 2959 560 3000 parts
578 2954 620 2988 of
640 2955 704 2988 the
723 2953 816 2987 Iliad
835 2953 913 2986 into
935 2952 1039 2984 Latin
1059 2962 1160 2983 verse

396 3003 595 3045 romprises
621 3000 708 3045 only
731 3000 850 3033 Books
873 2997 1023 3040 111.-V.,
1046 2997 1159 3039 XIV„

398 3048 552 3090 XV111.,
568 3048 667 3081 XIX.
684 3047 744 3089 (20
761 3046 885 3090 lines),
899 3045 996 3087 XX„
1016 3044 1160 3078 XXII.—

398 3095 536 3129 XXIV.
556 3105 564 3136 ;
590 3095 662 3128 and
681 3095 710 3128 it
728 3094 890 3138 happens
910 3093 990 3126 that
1008 3096 1071 3125 not
1090 3103 1159 3125 one

397 3142 439 3175 of
460 3141 523 3175 the
543 3153 709 3186 passages
726 3140 876 3174 alluded
891 3144 928 3174 to
948 3140 984 3173 in
1004 3138 1077 3173 this
1094 3138 1158 3183 Ep.

347 2399 360 2405 ²
397 2387 450 2429 et
482 2381 553 2429 illi
584 2379 767 2428 Graeci
800 2385 1081 2444 posuerunt
1111 2395 1162 2425 se
1189 2383 1308 2424 ante
1335 2376 1614 2424 Civitatem
1644 2382 1696 2423 et
1729 2376 1994 2423 iacuerunt

1231 2528 1260 2560 is
1286 2527 1482 2561 contained
1513 2527 1549 2560 in
1580 2526 1683 2561 these
1713 2525 1835 2560 Books
1864 2526 1907 2560 of
1931 2526 1994 2561 the

1233 2574 1334 2608 Iliad.

1277 2621 1397 2655 There
1410 2622 1438 2654 is
1449 2632 1548 2654 some
1564 2632 1706 2661 reason,
1721 2632 1759 2652 as
1774 2619 1847 2653 will
1859 2632 1994 2665 appear

1231 2667 1356 2709 below,
1377 2669 1432 2701 for
1457 2667 1641 2711 believing
1665 2667 1747 2700 that
1765 2666 1828 2700 the
1847 2667 1873 2684 ’Ὗ
1888 2667 1993 2700 Latin

1233 2715 1372 2748 Homer
1385 2715 1403 2728 ⁷*
1419 2713 1580 2757 actually
1600 2714 1704 2747 made
1725 2725 1786 2748 use
1804 2714 1846 2746 of
1866 2714 1913 2759 hy
1930 2714 1994 2748 the

1231 2763 1353 2795 writer
1386 2762 1428 2794 of
1463 2762 1526 2795 the
1563 2761 1627 2806 Ep.
1670 2772 1740 2794 was
1772 2760 1837 2794 the
1870 2762 1995 2794 Iliadis

1229 2811 1433 2842 Homericae
1483 2810 1650 2850 Epitome,
1702 2808 1743 2840 of
1803 2809 1994 2841 uncertain

1229 2855 1461 2900 authorship,
1493 2855 1558 2888 but
1598 2854 1802 2888 attributed
1837 2859 1875 2888 to
1910 2857 1995 2888 Μη-

1229 2905 1339 2935 [larus
1376 2903 1564 2943 Thehannx,
1596 2902 1638 2935 of
1667 2902 1783 2935 which
1819 2902 1881 2935 the
1916 2901 1993 2935 first

1230 2949 1338 2982 dated
1392 2950 1529 2982 edition
1586 2948 1766 2994 appeared
1814 2949 1852 2982 in
1904 2949 1994 2982 1492

1230 2996 1360 3038 (lIain,
1380 2995 1470 3030 8778
1486 2996 1582 3039 .s·qq.).

1280 3042 1305 3061 ¹⁸
1332 3046 1369 3076 in
1408 3046 1560 3076 straet-0.-
1594 3054 1653 3086 (3.9.
1681 3041 1744 3076 the
1781 3041 1994 3076 Florentine

1228 3090 1368 3123 edition
1410 3090 1451 3122 of
1498 3090 1597 3132 1488,
1632 3101 1672 3123 or
1713 3088 1777 3123 the
1808 3088 1993 3123 Venetiam

1229 3137 1369 3171 edition
1388 3137 1429 3170 of
1444 3137 1543 3170 1504.

1160 3198 1256 3240 224
