2247 3637
299 670 337 698 (35

301 1004 338 1034 70

301 1340 338 1370 75

324 2067 343 2096 CX

309 2402 346 2431 10

312 2737 349 2766 15

374 275 673 330 EPlsTo
685 274 844 328 LAE
905 273 1497 330 OBSCURORUM
1552 272 1962 329 VIRORUM

371 400 516 430 mum
542 390 594 430 et
618 382 991 446 Augustinum.
1067 382 1329 445 Respondi
1351 403 1358 430 :
1397 390 1424 407 ‘⁴
1446 382 1491 428 O
1519 382 1651 428 bone
1676 381 1815 436 deus,
1842 380 1965 444 quid

371 450 573 498 dicitis?
662 449 755 497 Ille
798 449 977 496 doctor
1018 450 1382 513 praesupponit
1429 448 1565 501 talia,
1609 455 1661 495 et
1709 448 1810 495 iam
1858 448 1964 512 ipse

371 517 528 564 habet
552 533 726 564 curare
762 516 873 571 alia,
901 522 951 562 et
987 515 1114 563 bene
1144 517 1359 563 maiores
1393 515 1748 563 subtilitates.''
1820 515 1965 562 Deus

371 584 461 631 det
484 583 622 647 quod
648 590 783 631 recte
809 589 907 638 eat,
934 589 1059 629 tunc
1086 584 1323 630 volumus
1349 582 1680 646 triumphare,
1708 588 1759 629 et
1789 588 1966 645 postea

372 667 434 698 ex
466 657 577 698 tota
610 651 856 698 Almania
892 649 1078 713 pellere
1114 650 1253 697 illam
1290 650 1553 714 poetriam.
1627 649 1700 696 Et
1727 649 1964 695 volumus

371 719 534 765 facere
582 718 721 780 quod
769 717 851 764 isti
904 716 1120 765 Iuristae
1167 733 1268 764 non
1327 717 1518 764 audent
1579 715 1745 763 dicere
1803 732 1965 762 unum

372 785 602 839 verbum,
634 784 839 847 quando
873 790 992 830 sunt
1026 801 1143 831 cum
1174 784 1463 846 Theologis.
1539 783 1677 838 Quia
1705 782 1968 830 timebunt

372 869 436 901 ne
472 852 685 899 mittant
722 868 872 915 super
908 868 992 897 eos
1032 850 1398 914 Inquisitorem
1440 857 1492 899 et
1535 851 1841 897 comburant
1883 865 1967 896 eos

373 936 463 983 pro
507 918 781 967 haereticis.
868 917 1013 965 Sicut
1057 935 1190 965 nunc
1233 934 1377 982 spero
1424 918 1562 981 quod
1611 917 1700 964 fiet
1750 916 1967 963 Iohanni

374 985 629 1033 Reuchlin
650 985 923 1032 adiuvante
946 985 1058 1039 de0‚
1081 984 1222 1032 cuius
1247 1002 1338 1033 nos
1364 1002 1538 1031 sumus
1564 983 1767 1031 iudices.
1831 983 1969 1038 Quia

374 1053 506 1101 sicut
541 1053 729 1100 milites
766 1051 1044 1099 saeculares
1080 1052 1366 1099 defendunt
1408 1051 1667 1099 Iustitiam
1705 1051 1755 1098 in
1792 1050 1967 1098 terris:

377 1121 459 1168 Ita
505 1136 596 1167 nos
644 1119 968 1167 defendimus
1017 1119 1302 1166 Ecclesiam
1351 1135 1438 1183 per
1484 1118 1857 1182 disputationes
1916 1123 1968 1164 et

372 1187 787 1250 praedicationes
863 1186 964 1233 Sed
990 1186 1207 1250 parcatis
1238 1186 1363 1233 mihi
1394 1186 1458 1233 de
1492 1184 1821 1249 longiloquio.
1897 1183 1970 1230 Et

375 1254 423 1300 V
426 1254 571 1301 alete.

485 1338 634 1374 Datum
669 1338 866 1374 ROMANAE
896 1338 1059 1374 Comme.

1042 1559 1310 1606 XXXIII

443 1705 505 1751 ΕΙ
532 1704 851 1750 PETRFS
884 1704 1101 1750 LAPP
1132 1721 1305 1752 sacrae
1332 1705 1559 1767 paginae
1596 1703 1911 1751 Licentiatns

803 1772 880 1818 Jl.
924 1772 1139 1818 Ortwfno
1181 1772 1369 1818 Gratia
1407 1771 1544 1818 Sala„

402 1912 854 1959 NECUNDUM
893 1914 1030 1976 quod
1068 1913 1222 1960 semel
1253 1913 1517 1976 scripsistis
1551 1913 1690 1967 mihi,
1720 1912 1793 1958 vir
1824 1928 1972 1958 vene-

384 1980 425 2027 k
500 1979 683 2031 rabilis,
732 1980 870 2042 quod
931 1980 1126 2027 habetis
1175 1981 1320 2027 valde
1369 1997 1615 2041 magnum
1670 1979 1973 2025 miraculum

378 2046 562 2094 abinde
622 2048 757 2110 quod
818 2064 908 2110 pro
970 2064 1103 2094 nunc
1163 2055 1283 2094 sunt
1342 2048 1413 2094 ita
1464 2047 1615 2094 multi
1668 2046 1974 2093 excellentes

379 2114 633 2160 Doctores
668 2113 716 2159 in
753 2114 982 2163 Colonia,
1014 2122 1066 2161 et
1102 2114 1256 2161 etiam
1290 2115 1371 2161 alii
1409 2131 1510 2160 non
1548 2114 1713 2160 adhuc
1752 2112 1975 2176 promoti

379 2181 466 2228 sed
496 2180 792 2244 propediem
825 2182 897 2228 M.
930 2182 1006 2236 N„
1034 2188 1085 2228 et
1112 2181 1261 2228 multi
1289 2181 1620 2244 egregiissimi
1654 2180 1897 2243 theologi,
1924 2185 1975 2226 et

380 2248 679 2295 nominastis
714 2248 834 2294 mihi
873 2249 946 2294 Μ.
983 2265 1029 2295 11.
1071 2250 1139 2295 Ia.
1177 2250 1240 2295 de
1277 2248 1463 2299 Hoch.,
1495 2250 1565 2295 M.
1599 2265 1646 2294 n.
1680 2247 1975 2294 Arnoldum

381 2315 444 2361 de
484 2315 726 2375 'l'ungarL
768 2322 820 2362 et
864 2315 935 2361 M.
979 2332 1025 2362 n.
1070 2315 1384 2377 Remigium,
1424 2323 1475 2362 et
1518 2316 1592 2362 M.
1638 2332 1682 2362 n.
1728 2314 1870 2361 Vale.
1913 2314 1975 2360 de

383 2382 768 2435 Geltcrszheim,
797 2389 847 2429 et
876 2383 949 2429 M.
979 2400 1024 2429 n.
1059 2382 1142 2429 l'e.
1172 2383 1258 2445 qui
1284 2389 1515 2445 tempore
1549 2399 1664 2428 meo
1690 2381 1899 2443 regebat
1926 2382 1976 2426 in

382 2450 531 2495 bursa
550 2449 718 2503 Ksmk,
735 2455 786 2495 et
802 2450 847 2495 d.
873 2450 1163 2512 liutgerum
1183 2449 1320 2496 llice.
1339 2456 1392 2497 et
1409 2450 1599 2496 multos
1619 2448 1739 2495 alios
1756 2448 1841 2511 qui
1859 2454 1977 2494 actu

382 2522 502 2562 sunt
528 2516 785 2570 Coloniae,
812 2522 863 2562 ct
890 2516 1044 2563 etiam
1077 2518 1143 2562 lo.
1179 2518 1231 2563 P,
1261 2517 1349 2579 qui
1375 2517 1608 2578 quamvis
1639 2522 1714 2562 est
1745 2515 1900 2561 laicus
1926 2521 1978 2561 ct

383 2583 618 2630 indoctus
645 2583 695 2629 in
721 2584 828 2629 arti.
854 2583 1154 2634 liberalibus,
1178 2590 1230 2630 ct
1249 2600 1512 2645 nunquam
1534 2582 1757 2629 visitavit
1784 2581 1978 2628 scholas

383 2649 788 2696 Clu·istian‹)1·um
809 2656 860 2697 et
881 2667 980 2696 non
1003 2650 1180 2697 didicit
1202 2651 1610 2697 Grammaticam
1633 2656 1721 2696 aut
1743 2649 1977 2711 logicam,

383 2724 557 2764 tamen
586 2723 643 2763 ut
674 2717 888 2764 scribitis
920 2718 1071 2763 habet
1103 2718 1414 2780 profundum
1449 2717 1767 2764 intellectum
1799 2722 1850 2762 ct
1878 2718 1980 2761 Cor

385 2784 750 2831 illuminatum.
842 2784 1016 2831 Etiam
1066 2784 1281 2847 apostoli
1330 2800 1429 2830 non
1480 2784 1689 2830 fuerunt
1731 2783 1884 2830 docti.
1928 2788 1979 2829 et

385 2857 557 2898 tamen
585 2852 843 2898 sciverunt
880 2850 1064 2898 omnia.
1145 2852 1212 2897 Et
1249 2851 1316 2897 sic
1349 2850 1555 2913 putatis,
1582 2851 1719 2912 quod
1755 2849 1977 2913 spiritus-

386 2924 590 2965 sanctus
627 2925 797 2981 potest
835 2918 1062 2981 predicto
1107 2919 1139 2964 l.
1184 2919 1238 2964 l‘.
1280 2917 1543 2964 infundere
1580 2934 1787 2964 omnem
1825 2916 1979 2963 scien—

433 3055 445 3071 9
469 3059 591 3098 lfamiq.
644 3059 710 3090 See
729 3058 751 3090 i.
771 3060 805 3095 5,
827 3069 858 3090 ιι.
1222 3056 1355 3088 nector
1385 3056 1425 3087 of
1452 3056 1515 3088 tho
1549 3055 1651 3088 l'niv.
1682 3055 1722 3087 of
1749 3054 1913 3097 sologne
1945 3056 1980 3087 in

435 3101 460 3119 ¹⁰
482 3105 670 3136 (lvllerxe‘h.
722 3106 788 3137 Sec
808 3106 827 3136 i.
849 3105 883 3146 7,
905 3116 936 3137 71.
1223 3102 1322 3135 1518.

437 3148 460 3166 ¹⁰
485 3151 561 3182 l’r⁷..·
601 3150 763 3192 liin-king
792 3156 958 3193 suggests
987 3150 1023 3183 l’.
1051 3148 1147 3188 Su'ils,
1267 3149 1290 3166 ¹¹
1315 3151 1412 3191 Num.
1465 3151 1531 3182 Set·
1552 3150 1570 3183 i.
1591 3152 1625 3185 53.
1648 3162 1679 3184 71.

1147 3210 1241 3250 204
