2247 3637
220 239 273 278 11.
298 243 366 290 44]
506 230 836 287 PETRUS
891 231 1004 286 DE
1063 232 1551 289 WORMATIA

218 341 287 388 ibi
328 342 457 389 bene
502 341 556 387 X
597 357 784 388 annos:
833 347 958 388 tunc
992 340 1197 388 Troiani
1232 342 1506 406 aliquando
1546 344 1814 391 exiverunt

218 408 281 455 ad
314 425 415 463 eos,
445 415 498 455 et
533 414 890 472 percusserunt
928 425 979 455 se
1015 408 1216 456 realiter
1252 425 1370 456 cum
1407 410 1541 473 ipsiS‚
1572 417 1624 458 et
1660 410 1816 459 inter-

218 475 449 522 fecerunt
503 492 555 522 se
609 475 906 522 mirabiliter
958 476 1019 522 ad
1069 476 1302 531 invicem,
1353 475 1424 523 ita
1480 478 1618 540 quod
1672 484 1815 525 totus

219 542 448 606 Campus
473 542 799 604 sanguinavit
821 559 830 589 ε
868 548 920 590 et
944 542 1043 590 fuit
1070 543 1135 588 ibi
1162 543 1361 606 quaeda
1386 560 1532 606 aqua,
1559 561 1690 607 quae
1714 545 1814 592 fuit

219 609 443 656 colorata
467 625 555 672 per
578 610 880 672 sanguinem
905 615 956 657 et
980 609 1080 656 fuit
1106 626 1193 673 per
1216 616 1388 657 totum
1415 610 1658 658 rubicata.
1734 612 1816 659 Ita

218 676 356 739 quod
381 675 532 722 fluxit
558 676 689 723 sicut
716 676 755 722 si
780 682 912 724 esset
938 676 1171 741 sanguis3
1210 683 1260 725 et
1291 677 1483 724 clamor
1515 678 1816 727 audiebatur

219 743 271 789 in
315 742 485 796 Caelo,
526 749 577 789 et
620 759 753 790 unus
794 743 1005 807 proiecit
1044 760 1207 791 unuin
1247 744 1468 808 lapidem
1505 762 1660 808 quem
1698 746 1813 792 XII

219 808 311 857 viri
344 825 448 855 non
481 816 691 873 possent
723 810 935 865 elevare,
962 816 1013 858 et
1039 827 1172 858 unus
1197 827 1359 875 equus
1385 811 1574 876 incepit
1598 812 1738 876 loqui
1764 819 1815 860 et

217 876 604 941 prophetizavit.
679 876 780 924 Sed
808 893 908 924 non
935 878 1086 925 credo
1115 878 1252 934 talia,
1277 878 1396 942 quia
1422 879 1660 927 videntur
1691 879 1816 927 mihi

218 942 577 1007 impossibilia:
615 949 666 990 et
699 950 874 992 tamen
908 945 1076 992 nescio
1107 962 1172 992 an
1197 945 1312 993 talis
1337 946 1463 994 liber
1487 953 1563 993 est
1590 947 1817 994 multum
1873 958 1888 966 ⁷

220 1009 526 1057 autenticus.

324 1078 474 1140 Rogo
507 1077 736 1125 scribatis
766 1078 889 1125 mihi
920 1079 982 1126 de
1007 1095 1081 1134 e0‚
1108 1086 1160 1127 et
1184 1079 1380 1128 faciatis
1406 1096 1489 1128 me
1514 1097 1820 1144 cognoscere

219 1143 344 1207 quid
368 1144 568 1191 tenetis.
642 1144 715 1191 Et
742 1162 861 1193 cum
886 1145 981 1192 hoc
1009 1146 1205 1194 Valete.

328 1230 480 1266 Datum
505 1230 659 1267 Roma.

266 1347 293 1367 ²⁶
318 1351 432 1383 decem
445 1361 558 1383 anuos
570 1361 581 1383 .·
602 1351 654 1391 ll„
670 1350 706 1383 ii.
726 1348 803 1383 328.
852 1350 907 1384 Cf.
929 1363 985 1384 :—

219 1413 246 1430 “
260 1414 304 1447 ln
323 1413 464 1447 decimo
483 1412 586 1446 labor
605 1418 673 1457 est,
694 1425 802 1459 quem
830 1413 984 1447 Calchas

337 1461 490 1503 dicemt,
508 1472 606 1494 anno

259 1507 342 1552 Quo
376 1507 524 1542 caderet
564 1507 732 1541 Danaum
776 1507 986 1542 victricibus

338 1554 434 1589 Ilion
451 1554 598 1588 armis.’'

273 1613 429 1648 —Pind.
448 1613 578 1656 Theb„
594 1614 637 1647 Il.
657 1615 761 1647 Hom.
777 1615 885 1656 Epic„
908 1613 984 1647 151.

1101 1348 1130 1368 ³²
1155 1352 1316 1393 lapidem.
1329 1363 1340 1384 .·
1366 1352 1420 1394 ll„
1439 1352 1525 1385 xxii.
1545 1352 1625 1387 447.
1679 1352 1732 1385 ('f.
1751 1363 1808 1386 :—

1055 1414 1229 1447 “Saxum
1258 1415 1400 1459 ingens,
1429 1415 1549 1449 medio
1585 1416 1681 1461 quod
1723 1417 1820 1450 forte

1167 1460 1313 1504 jacebat
1331 1462 1368 1495 in
1387 1473 1476 1506 agro

1095 1508 1158 1541 Bis
1187 1508 1266 1542 seni
1296 1509 1394 1553 quod
1420 1510 1480 1543 vix
1502 1509 1658 1554 juvenes
1682 1509 1821 1545 tellure

1170 1553 1356 1598 levabant,

1095 1601 1255 1636 Sustulit
1272 1615 1279 1642 ;
1293 1602 1310 1616 ”

1102 1648 1255 1684 —Pind,
1272 1649 1387 1684 Theb.
1394 1677 1403 1692 ,
1420 1651 1462 1686 Il.
1481 1652 1582 1685 Hom.
1604 1653 1697 1695 Epit.
1706 1678 1717 1694 ,
1736 1651 1816 1686 460.

263 1703 293 1723 ²⁸
318 1708 365 1739 ad
377 1707 536 1739 invicem.
587 1704 640 1739 Cf.
660 1715 716 1738 :—

220 1765 378 1809 “Inque
420 1764 535 1797 vicem
577 1762 804 1807 Troiumque
846 1763 986 1798 cadunt

336 1811 579 1855 Danaumque
597 1810 798 1844 catervae.''

275 1868 428 1903 —Pind.
447 1868 576 1910 Theb„
596 1869 636 1901 Il.
656 1870 758 1902 Hom.
779 1870 887 1912 Epit„
907 1867 986 1903 357.

266 1976 293 1995 ²⁹
317 1979 496 2021 sanyzcin„
525 1977 593 2011 Sec.
643 1978 697 2020 Il.‚
730 1978 774 2012 iv.
802 1978 885 2021 451,
913 1978 986 2012 and

218 2026 273 2067 IL,
291 2026 366 2058 xxi.
385 2024 462 2058 326.
518 2024 572 2059 Cf.
590 2036 646 2059 :—

220 2100 247 2117 “
259 2100 446 2145 Sanguine
482 2099 658 2133 Dardanii
691 2099 891 2134 manabant
920 2112 987 2134 un-

339 2147 448 2191 dique
466 2147 584 2191 campi

251 2193 456 2227 Manahaut
474 2205 601 2227 amnes
619 2193 793 2239 passim.'’

275 2251 428 2285 -Pind.
445 2251 576 2293 Theb„
595 2252 637 2284 Il.
656 2252 758 2285 Hom.
778 2253 887 2295 Epic„
907 2251 986 2286 384.

266 2341 294 2361 ³¹
318 2345 461 2386 clamor,
475 2343 557 2377 &at
583 2342 825 2386 Il.,xxii.338.
857 2344 911 2378 Cf.
921 2355 977 2379 :—

339 2408 365 2425 “
378 2407 515 2452 Ingens
533 2408 579 2441 ad
596 2408 717 2442 sidera
733 2407 873 2442 clamor

218 2453 390 2496 Tollitur,
417 2459 456 2489 et
488 2456 599 2489 vastis
633 2454 811 2500 impletur
841 2456 989 2490 vocibus

312 2502 479 2536 aether.⁷'

276 2560 430 2594 —Pind.
448 2560 575 2603 Theb„
595 2562 636 2595 Il.
658 2562 758 2595 Hom.
778 2562 889 2604 Epic„
909 2562 988 2596 595.

363 2642 389 2658 “
402 2641 485 2675 And
505 2640 680 2675 Clamour
699 2641 776 2676 flew
794 2653 834 2677 so
851 2641 941 2687 high

222 2688 301 2723 Her
318 2689 435 2733 wings
452 2689 582 2722 struck
601 2688 778 2723 heaven.''

526 2736 784 2779 —Chapman’8
804 2737 940 2772 Transl.

1102 1712 1242 1747 W'here
1280 1713 1310 1747 it
1351 1714 1380 1747 is
1422 1714 1664 1761 particularly
1692 1720 1731 1750 to
1778 1716 1822 1750 be

1054 1759 1231 1794 observed
1265 1760 1349 1794 that
1383 1761 1536 1795 “Peter
1569 1763 1611 1797 of
1642 1763 1824 1797 WVorms'’

1053 1818 1182 1851 agrees
1199 1807 1286 1841 with
1305 1808 1370 1842 the
1387 1809 1512 1842 writer
1529 1809 1570 1843 of
1584 1810 1649 1844 the
1666 1812 1824 1853 Epitome

1054 1854 1092 1887 in
1118 1855 1246 1900 giving
1277 1854 1476 1890 “twelve⁷'
1505 1868 1590 1891 men
1616 1858 1758 1892 instead
1785 1858 1827 1892 of

1056 1901 1229 1936 Homer’s
1248 1902 1274 1919 “
1287 1902 1398 1945 two,”
1416 1902 1608 1949 following
1625 1904 1748 1950 Virgil
1765 1916 1821 1939 :—

1056 1964 1232 1998 “Saxum
1266 1967 1478 2011 antiquum,
1513 1967 1658 2012 ingene,
1694 1979 1823 2013 campo

1174 2012 1236 2057 qui
1254 2013 1351 2047 forte
1364 2013 1521 2057 jacebat,

1098 2106 1168 2139 Vix
1211 2105 1305 2140 illud
1351 2106 1438 2142 lecti
1481 2108 1534 2142 bis
1576 2120 1639 2143 sex
1681 2110 1823 2144 cervice

1172 2153 1340 2188 subirent

1099 2200 1233 2244 Qualia
1275 2213 1375 2235 nunc
1416 2202 1609 2236 homiuum
1651 2203 1823 2248 producit

1174 2259 1328 2293 corpora
1346 2247 1490 2284 tellus.'⁷

1369 2300 1516 2339 —Aen.‚
1537 2297 1597 2330 xii.
1622 2297 1690 2331 897
1707 2309 1774 2341 sqq.

1154 2370 1275 2402 eqmcs:
1289 2359 1475 2403 Xanthus,
1491 2372 1560 2394 oue
1574 2361 1616 2394 of
1624 2361 1688 2395 the
1702 2360 1822 2395 steeds

1056 2406 1098 2439 of
1135 2405 1301 2440 Achilles
1342 2408 1412 2449 (IL,
1446 2408 1518 2441 xix.
1561 2409 1656 2450 404).
1733 2408 1822 2442 This

1056 2453 1224 2487 incident
1259 2454 1288 2487 is
1317 2459 1384 2489 not
1417 2455 1580 2488 referred
1615 2460 1653 2489 to
1687 2455 1724 2488 in
1758 2455 1821 2489 the

1057 2502 1227 2543 Epitome,
1247 2500 1313 2534 but
1332 2502 1361 2535 is
1378 2503 1591 2536 mentioned
1611 2502 1657 2547 by
1674 2502 1822 2536 Servius

1057 2548 1094 2580 in
1113 2560 1134 2580 a
1155 2547 1345 2581 Scholium
1372 2560 1419 2582 on
1439 2548 1558 2593 virgil
1578 2548 1695 2592 (ΑΒΜ,
1717 2548 1821 2582 Book

1056 2595 1106 2628 xi.
1126 2595 1197 2635 90).
1253 2595 1397 2638 “Quod
1423 2600 1547 2629 autem
1571 2607 1704 2639 equum
1733 2596 1823 2629 dicit

1059 2640 1310 2687 ‘lacrymare'
1346 2653 1421 2676 non
1465 2643 1596 2675 mirum
1633 2647 1701 2684 est,
1737 2654 1819 2676 cum

1058 2688 1245 2723 Homerus
1279 2689 1390 2723 etiam
1424 2689 1650 2723 divinantem
1690 2690 1823 2723 indux-

1057 2736 1162 2770 erit.”

1102 2356 1130 2376 33

981 3176 1076 3217 225
1591 3187 1617 3219 P
