2247 3637
184 262 237 299 11.
261 264 328 311 ρο]
435 247 1044 318 MARQUARDUS
1100 248 1613 305 FOTZENHUT

182 362 284 409 cito
327 359 536 424 capiunt
577 359 783 423 quando
824 358 930 422 ipse
971 357 1110 421 legit.
1185 357 1369 406 valete
1404 358 1622 423 plurime
1658 375 1778 407 cum

181 429 400 476 sanitate
425 427 612 474 mentis
635 432 689 474 et
713 425 946 490 corporis.
1813 442 1855 471 40

293 513 444 549 Datum
477 511 676 548 ROMANAE
706 511 872 548 Cunmn.

928 697 1043 744 XX

308 833 371 880 11
409 831 487 878 M.
529 831 992 889 MARQUARD
1002 830 1096 878 US
1137 830 1242 878 FO
1253 830 1651 879 TZENHUT

698 898 777 945 M.
821 899 1037 946 Ortvino
1076 898 1266 946 Gratio

243 1032 610 1084 *ALUTEM
654 1048 772 1079 cum
819 1032 1066 1080 servitute
1107 1032 1373 1079 amicabili.
1467 1031 1784 1080 Venerabilis

193 1034 275 1155 ἓ
315 1099 521 1147 domine
546 1099 810 1163 Magister.
884 1099 1030 1146 Sicut
1059 1099 1274 1147 scribitis
1303 1099 1427 1147 mihi
1457 1100 1595 1163 quod
1621 1099 1784 1146 debeo

187 1167 449 1214 notificare
487 1166 630 1214 vobis
667 1166 730 1213 de
773 1165 1025 1230 Magistro
1067 1172 1240 1213 nostro
1282 1167 1471 1214 Iacobo
1507 1167 1571 1213 de
1609 1166 1783 1214 Hoch-
1818 1180 1840 1209 5

190 1240 412 1282 straten:
475 1233 671 1281 Scitote
729 1234 868 1296 quod
930 1232 1148 1280 Iuristae
1205 1233 1402 1281 faciunt
1450 1233 1495 1281 ei
1542 1249 1784 1296 magnam

188 1300 499 1348 instantiam.
598 1300 698 1348 Sed
753 1299 884 1348 sicut
943 1316 1038 1363 ego
1085 1300 1273 1355 audivi,
1323 1300 1555 1349 diabolus
1603 1299 1785 1347 ofundt

189 1385 288 1416 eos.
365 1368 503 1424 Quia
544 1367 697 1414 multi
734 1366 1027 1415 Cardinales
1064 1373 1186 1414 sunt
1226 1384 1317 1431 pro
1354 1367 1513 1423 vobis,
1552 1373 1603 1414 et
1645 1384 1785 1431 prae-

190 1436 339 1500 cipue
365 1434 648 1482 Cardinalis
673 1452 707 1481 s.
737 1433 930 1490 Crucis,
957 1433 1046 1497 qui
1082 1434 1236 1481 debet
1273 1434 1379 1481 fieri
1415 1451 1544 1498 papa
1580 1434 1786 1497 quando

189 1502 273 1549 ille
314 1502 459 1566 Papa
501 1501 729 1549 moritur.
802 1501 875 1547 Et
917 1500 1089 1548 audivi
1124 1502 1263 1564 quod
1301 1502 1432 1548 dixit
1469 1501 1632 1566 “Ego
1670 1501 1787 1548 volo
1820 1515 1862 1544 10

189 1569 460 1617 defendere
518 1569 664 1616 illum
711 1567 991 1615 notabilem
1052 1567 1376 1632 Theologum
1427 1569 1676 1615 Iacobum
1725 1568 1787 1615 de

191 1636 296 1683 alta
343 1636 513 1700 platea
554 1642 731 1682 contra
772 1634 1048 1691 Reuehlin,
1085 1640 1139 1682 et
1181 1635 1220 1682 si
1257 1651 1433 1682 omnes
1479 1635 1697 1683 Iuristae
1735 1634 1787 1681 in

190 1710 305 1751 toto
341 1703 538 1750 mundo
576 1708 770 1750 starent
805 1718 895 1766 pro
931 1701 1035 1749 eo.”
1109 1701 1254 1749 Sicut
1296 1703 1453 1749 etiam
1494 1702 1631 1757 fecit,
1670 1718 1788 1750 cum

192 1770 372 1818 habuit
420 1769 575 1818 semel
621 1769 862 1817 articulos
910 1775 1086 1816 contra
1145 1769 1363 1816 Petrum
1412 1769 1788 1824 Ravennatem,

192 1838 281 1901 qui
322 1837 479 1884 etiam
520 1837 733 1884 fuerunt
780 1835 1005 1883 multum
1048 1836 1388 1885 haereticales.
1478 1837 1553 1884 Et
1594 1836 1790 1884 debetis
1823 1848 1865 1878 15

192 1921 283 1969 pro
309 1910 448 1952 certo
484 1904 685 1959 habere,
712 1903 918 1951 domine
952 1902 1186 1959 Ortvine,
1212 1904 1350 1967 quod
1387 1903 1471 1951 ille
1508 1903 1790 1951 Cardinalis

193 1972 359 2019 adhuc
403 1971 683 2019 confundet
725 1987 903 2018 omnes
950 1970 1169 2027 iuristas‚
1213 1971 1334 2033 quia
1375 1977 1452 2018 est
1496 1971 1659 2018 bonus
1701 1986 1791 2035 pro

194 2038 484 2102 TheologiS.
580 2038 655 2086 Et
701 2044 778 2085 est
825 2038 984 2085 etiam
1030 2039 1195 2085 bonus
1242 2054 1333 2102 pro
1380 2055 1498 2102 rege
1546 2037 1792 2085 Franciae

194 2112 246 2154 et
282 2106 633 2153 Universitate
670 2104 1013 2152 Parrhisiensi.
1087 2104 1356 2168 Antiquus
1394 2105 1510 2152 Rex
1548 2105 1793 2152 Franci-ae

194 2172 359 2220 voluit
384 2172 552 2237 ipsum
576 2172 741 2220 facere
767 2173 978 2236 Papam.
1041 2172 1219 2219 Etiam
1243 2172 1363 2220 alias
1389 2172 1584 2220 habetis
1605 2173 1792 2220 bonam
1827 2187 1869 2215 20

197 2257 416 2287 causam.
491 2240 627 2287 Cum
654 2239 749 2286 hoc
776 2240 851 2286 M.
880 2239 944 2287 N.
975 2240 1194 2287 Iacobus
1220 2239 1361 2287 dedit
1399 2247 1518 2287 ante
1544 2246 1662 2287 octo
1688 2240 1793 2286 dies

196 2323 353 2355 unam
395 2307 643 2370 pinguem
691 2307 957 2370 propinam
1006 2306 1095 2354 uni
1142 2306 1480 2354 referendario
1528 2307 1793 2354 cuiusdam

197 2373 480 2422 Cardinalis
521 2390 676 2437 quem
718 2390 821 2420 non
864 2373 981 2420 volo
1028 2374 1306 2431 nominare,
1349 2374 1437 2437 qui
1479 2374 1631 2420 debet
1674 2389 1793 2420 eum

197 2457 497 2505 promovere
550 2441 687 2505 apud
746 2441 1254 2488 Reverendissimum
1304 2441 1435 2488 sicut
1496 2441 1624 2488 bene
1683 2440 1790 2487 scit.

198 2508 323 2555 Fuit
348 2507 429 2555 hic
454 2525 642 2563 rumor,
669 2508 808 2571 quod
846 2507 1131 2572 Episcopus
1166 2509 1416 2556 Colonien
1442 2514 1519 2554 est
1543 2513 1793 2580 mortuus,
1827 2525 1871 2554 25

198 2581 251 2623 et
284 2576 471 2623 Comes
507 2575 570 2623 de
607 2592 742 2622 nova
777 2575 972 2638 Aquila
1008 2581 1084 2623 est
1121 2576 1312 2623 electus
1349 2575 1401 2622 in
1437 2591 1629 2621 novum
1667 2572 1793 2637 epis-

199 2659 400 2706 copum.
476 2642 529 2689 Si
554 2649 630 2690 est
656 2658 852 2696 verum,
877 2648 1003 2689 tunc
1041 2643 1157 2690 xolo
1194 2642 1359 2690 dicere
1383 2642 1521 2704 quod
1549 2639 1794 2687 Canonici

249 2763 414 2798 lfibtzen.
428 2777 439 2798 .·
456 2777 569 2798 cunm
582 2764 709 2810 pileus.
728 2765 796 2799 See
807 2765 961 2803 Grimm,
1031 2777 1078 2799 011
1109 2765 1349 2806 mnemonics,
1377 2765 1510 2796 shenia
1542 2764 1666 2795 Dizinz‘
1699 2764 1796 2796 Petri

212 2813 447 2854 Wfsrterbueh,
465 2824 526 2846 s.v.
1032 2814 1247 2846 Ravennatis
1265 2812 1447 2844 memoriae
1471 2811 1642 2852 mayistri,
1661 2809 1795 2851 Venet,

248 2856 546 2892 ⁹.s¹a=n‹·t.C1-ucz'8:
566 2858 964 2893 BernardiuoCarava-
1035 2860 1138 2900 1491,
1165 2859 1238 2891 and
1268 2858 1309 2891 of
1333 2869 1353 2890 a
1383 2856 1640 2901 compendium
1666 2857 1708 2890 of
1731 2856 1796 2890 the

196 2904 264 2949 jal,
278 2905 343 2948 Bp.
357 2905 399 2938 of
407 2904 521 2938 Ostia.
557 2905 610 2939 To
622 2906 697 2939 him
712 2906 964 2949 Hoogstraten
1033 2905 1117 2939 civil
1136 2906 1213 2939 law.

201 2952 397 2985 addressed
447 2951 503 2985 his
552 2954 716 2994 Defensio
763 2954 965 2986 scholastica
1082 2973 1107 2992 1⁹
1126 2977 1165 3007 As
1188 2978 1201 3007 t
1231 2975 1261 3005 H
1289 2984 1328 3005 l„
1355 2972 1463 3005 Louis
1483 2971 1555 3005 KH

198 3001 400 3041 principum
427 3000 613 3032 Almaniae
639 3025 646 3032 .
674 3025 681 3031 .
712 3025 717 3031 .
749 3000 847 3033 1511.
899 3000 965 3033 See
1163 2986 1210 3007 η’·
1263 2984 1285 3007 6.
1316 2999 1322 3006 '
1482 2993 1494 3005 Δ
1559 2996 1566 3004 “

203 3046 350 3090 Geiger,
369 3046 599 3087 .Ι.1ἰ(3ἰιι·1ιίὶ·η,
617 3057 649 3089 p.
669 3046 751 3088 305,
775 3046 873 3080 1871.
1084 3042 1109 3060 ²⁵
1128 3045 1243 3085 Episv.
1273 3043 1338 3075 Pol.
1353 3053 1364 3075 .·
1400 3040 1521 3086 Philip
1545 3052 1616 3074 von
1648 3041 1798 3074 Dhaun-

251 3091 278 3110 ¹⁴
296 3094 389 3125 Petr.
440 3093 550 3125 Rau.-
608 3092 739 3126 Petrus
786 3092 966 3133 Tommai,
1037 3090 1244 3131 Eberstein,
1281 3090 1329 3122 ob.
1367 3089 1480 3129 15l5;
1518 3088 1718 3122 succeeded
1752 3087 1802 3132 by

205 3139 438 3181 Franciscan,
457 3138 591 3172 author
608 3139 650 3172 of
662 3151 682 3172 a
700 3138 854 3184 popular
872 3138 967 3172 book
1039 3138 1244 3178 Hermann,
1262 3135 1357 3168 Graf
1369 3146 1439 3169 von
1458 3134 1578 3169 Wied.

966 3197 1059 3243 177
1553 3205 1597 3237 Μ
