2247 3637
246 263 300 300 11.
324 266 392 313 32]
516 251 772 307 HENR.
831 251 1690 309 CRIBELINIONIACIUS

247 368 368 409 sunt
393 367 568 409 contra
594 376 689 407 eos.
771 359 872 408 Sed
902 367 1078 407 tamen
1106 377 1252 424 spero
1289 361 1428 423 quod
1464 376 1643 423 parum
1680 358 1841 406 lucra-

247 430 405 477 bunt:
441 426 562 491 quia
584 426 823 474 dominus
848 427 1082 491 respiciet
1113 427 1334 474 famulos
1370 444 1486 474 suos
1523 433 1576 474 et
1609 424 1844 473 liberabit

247 512 345 544 eos,
419 495 536 559 Ego
561 494 732 541 audivi
764 510 926 558 nuper
955 494 1092 557 quod
1130 495 1419 559 Imperator
1454 494 1650 557 scripsit
1686 508 1843 539 unam

247 563 376 610 Iram
410 563 472 609 ad
506 562 702 625 Papam
740 577 830 625 pro
868 561 941 608 Io.
972 560 1243 617 Reuchlin‚
1270 567 1322 608 et
1358 560 1557 624 scripsit
1593 560 1678 615 ita,
1704 559 1844 623 quod

249 632 288 677 si
332 627 732 677 Sanctissimitas
780 644 871 675 sua
917 644 1021 675 non
1068 628 1184 676 vult
1230 628 1386 676 finem
1434 627 1599 674 facere
1646 626 1697 673 in
1745 626 1843 673 isto

249 697 463 761 negocio
493 702 546 743 et
581 695 699 742 dare
737 694 1076 751 Sententiam,
1101 702 1228 743 tunc
1263 695 1370 760 ipse
1405 700 1514 742 met
1538 694 1652 741 vult
1675 692 1845 739 videre

250 763 512 827 quomodo
559 768 731 826 potest
777 762 1050 810 defendere
1097 778 1249 810 suum
1297 760 1656 810 consiliarium.
1744 759 1845 806 Sed

250 830 373 894 quid
403 832 515 877 est?
587 829 640 876 Si
669 846 800 893 papa
835 836 912 877 est
949 847 1040 894 pro
1074 829 1344 894 theologis,
1369 836 1495 877 tunc
1531 845 1635 875 non
1669 826 1843 874 timeo.

251 897 428 945 Etiam
471 896 641 944 audivi
682 896 745 943 ab
787 913 891 944 uno
933 896 1145 944 notabili
1186 898 1294 945 viro
1342 896 1429 961 qui
1477 902 1555 943 est
1603 893 1847 942 Officialis

253 965 439 1012 Curiae
485 964 574 1027 qui
620 963 780 1012 dixit:
842 964 1031 1020 “Quid
1078 965 1224 1012 nobis
1271 963 1351 1011 hic
1411 979 1531 1011 cum
1588 962 1707 1010 lris?
1793 960 1847 1007 Si

255 1030 513 1079 Reuchlin
545 1030 701 1079 habet
728 1032 1017 1095 pecuniam,
1043 1031 1221 1079 mittat
1254 1031 1369 1079 huc.
1444 1029 1582 1086 Quia
1609 1029 1661 1077 in
1694 1026 1848 1076 Curia

254 1104 458 1163 oportet
494 1098 678 1145 habere
715 1099 982 1162 pecunias:
1030 1099 1150 1146 alias
1187 1098 1312 1147 nihil
1353 1104 1524 1163 potest
1566 1095 1850 1161 expedire.”

255 1166 328 1213 Et
371 1166 498 1212 alius
539 1164 741 1213 occulte
787 1165 918 1213 dixit
964 1165 1105 1222 mihi,
1149 1167 1288 1230 quod
1332 1166 1406 1213 M.
1451 1182 1498 1212 n.
1546 1165 1616 1211 Ia.
1661 1164 1849 1210 iterum

253 1232 396 1281 dedit
427 1238 587 1280 certas
622 1233 858 1297 propinas
892 1234 1199 1297 quibusdam
1236 1231 1598 1280 referendariis.
1670 1229 1744 1277 Et
1781 1228 1850 1277 sic

255 1301 463 1364 quando
487 1299 590 1347 iam
615 1299 812 1347 vadunt
838 1307 958 1347 ante
986 1317 1120 1356 eum,
1145 1306 1273 1348 tunc
1304 1300 1502 1348 faciunt
1531 1298 1575 1346 ei
1604 1297 1850 1345 maiorem

254 1367 590 1415 reverentiam
627 1373 680 1414 et
714 1366 997 1430 loquuntur
1032 1367 1365 1415 amicabiliter
1400 1383 1520 1414 cum
1562 1381 1636 1413 eo.
1709 1363 1852 1428 Ergo

256 1451 392 1482 nunc
419 1451 618 1498 semper
641 1434 906 1482 meliorem
937 1451 1080 1499 spem
1112 1435 1373 1482 habemus.
1450 1433 1503 1480 Si
1532 1432 1690 1497 perdo
1725 1431 1852 1478 illud

255 1502 576 1557 beneficium,
602 1495 729 1548 tunc
754 1501 920 1548 adhuc
945 1502 1063 1549 volo
1096 1502 1404 1549 contendere
1432 1517 1523 1565 pro
1560 1499 1646 1546 illa
1670 1497 1854 1546 vicaria

254 1571 305 1617 in
332 1569 520 1617 Nussia
544 1568 675 1616 sicut
700 1568 850 1616 scitis.
912 1568 1051 1624 Quia
1075 1575 1372 1632 procurator
1390 1584 1535 1615 meus
1559 1565 1853 1614 informavit

257 1654 339 1684 nie
369 1637 508 1700 quod
544 1635 707 1683 habeo
745 1635 937 1683 bonum
981 1636 1085 1683 Ius.
1160 1635 1261 1683 Sed
1302 1635 1405 1683 iam
1446 1634 1680 1682 recordor
1714 1631 1855 1696 quod

258 1721 421 1768 nuper
445 1702 587 1751 venit
611 1719 744 1750 unus
769 1703 850 1750 hic
879 1704 969 1766 qui
1003 1702 1150 1759 dixit,
1176 1703 1314 1766 quod
1343 1701 1646 1750 universitas
1680 1699 1854 1747 Erfor-

258 1771 441 1819 diensis
477 1769 590 1817 vult
624 1786 860 1818 revocare
898 1770 1203 1818 sententiam
1241 1786 1384 1818 suam
1419 1786 1508 1817 seu
1550 1767 1855 1816 determina-

256 1839 454 1887 tionem
496 1843 674 1884 contra
717 1838 790 1885 Io.
838 1838 1107 1885 Reuchlin.
1193 1837 1268 1885 Et
1310 1837 1349 1885 si
1388 1836 1527 1893 facit,
1569 1843 1695 1883 tunc
1738 1833 1856 1881 volo

256 1907 438 1961 dicere,
464 1905 604 1968 quod
629 1921 807 1952 omnes
837 1905 1089 1969 Theologi
1126 1904 1214 1968 qui
1251 1912 1372 1953 sunt
1407 1904 1491 1960 ibi,
1519 1909 1640 1951 sunt
1678 1900 1857 1967 perfidi

257 1980 310 2021 et
330 1974 614 2028 mendaces,
635 1978 686 2019 et
706 1972 825 2019 volo
844 1988 1044 2036 semper
1062 1973 1124 2019 de
1143 1973 1213 2019 eis
1231 1972 1397 2019 dicere
1422 1972 1517 2018 hoc
1543 1969 1856 2023 scandalum,

257 2040 397 2104 quod
422 2056 525 2087 non
550 2045 762 2086 manent
787 2056 907 2086 cum
931 2039 1180 2087 facultate
1211 2056 1301 2087 sua
1330 2045 1382 2086 et
1411 2037 1699 2086 defendunt
1729 2036 1857 2084 zelo-

256 2108 512 2155 sissimum
533 2106 700 2154 virum
721 2107 790 2154 D.
816 2107 1065 2154 Iacobum
1084 2107 1148 2153 de
1175 2106 1526 2154 Hochstraten
1552 2104 1640 2169 qui
1666 2110 1744 2151 est
1767 2103 1857 2151 lux

258 2175 657 2238 Theologorum,
683 2180 736 2221 et
760 2174 899 2221 lucet
924 2174 1058 2222 sicut
1083 2173 1229 2221 stella
1258 2191 1347 2238 per
1376 2190 1490 2221 suas
1519 2172 1776 2219 doctrinas
1806 2176 1858 2217 et

258 2241 756 2306 Argumentationes
781 2258 873 2305 pro
897 2242 997 2288 fide
1024 2241 1303 2289 Catholica.
1378 2241 1453 2288 Et
1479 2239 1629 2287 credo
1654 2238 1794 2302 quod
1819 2239 1859 2284 si

257 2308 498 2356 haeretici
527 2308 608 2355 vel
637 2309 681 2355 T
686 2309 792 2355 urci
822 2309 1070 2365 venirent,
1098 2308 1204 2372 ipse
1240 2308 1525 2373 disputaret
1562 2312 1740 2354 contra
1775 2320 1859 2352 eos

258 2383 310 2424 et
341 2375 681 2423 confunderet
710 2392 795 2423 eos
833 2392 950 2423 cum
988 2375 1275 2423 subtilitate
1310 2392 1415 2431 sua,
1450 2380 1502 2422 et
1539 2377 1860 2422 converteret

257 2461 343 2492 eos
380 2444 444 2491 ad
480 2443 634 2490 fidem
679 2442 1038 2491 Christianam.
1113 2442 1252 2498 Quia
1292 2442 1377 2491 ille
1418 2441 1712 2505 'l'heologus
1755 2455 1858 2486 non

258 2511 415 2559 habet
439 2510 706 2574 Aequale:
750 2511 824 2558 Et
866 2527 1030 2574 nuper
1065 2509 1349 2575 disputavit
1392 2509 1472 2557 hic
1510 2509 1561 2556 in
1597 2506 1860 2571 Sapientia

260 2578 407 2626 valde
444 2577 807 2626 doctrinaliter.
881 2578 1030 2625 Tunc
1067 2578 1199 2625 dixit
1241 2577 1451 2642 quidam
1496 2575 1658 2623 Italus
1696 2573 1860 2637 “Ego

261 2662 364 2692 non
384 2645 574 2694 credidi
592 2644 749 2709 prius,
769 2644 908 2709 quod
929 2645 1177 2693 Almania
1195 2644 1351 2692 habet
1372 2643 1499 2691 tales
1525 2640 1861 2704 Theologos.'’

264 2712 365 2760 Sed
390 2713 603 2777 quidam
628 2711 754 2759 alius
780 2712 928 2768 dixit,
955 2712 1095 2777 quod
1119 2729 1224 2760 non
1254 2718 1330 2759 est
1359 2711 1489 2758 bene
1521 2707 1860 2773 profundatus

262 2779 313 2826 in
345 2779 577 2826 textibus
610 2778 812 2834 bibliae,
850 2786 903 2827 et
938 2797 1042 2827 non
1078 2780 1208 2827 bene
1249 2777 1559 2841 intelligeret
1602 2775 1862 2838 Hierony-

310 2897 334 2916 ²⁷
354 2901 528 2932 litteram:
554 2896 636 2932 Oet.
656 2898 716 2941 23,
738 2898 840 2933 1514.
892 2898 1027 2940 Maius,
1098 2896 1186 2942 logy
1215 2896 1287 2929 and
1319 2905 1504 2940 grammar
1537 2904 1632 2927 were
1664 2892 1782 2926 added
1816 2891 1864 2937 by

270 2948 334 2980 1'1'1‘.
355 2946 498 2987 Beueh„
518 2956 550 2989 p.
571 2945 650 2978 462.
1100 2944 1275 2977 Boniface
1292 2941 1395 2975 VIII.
1415 2941 1487 2974 and
1507 2940 1676 2975 Clement
1694 2939 1735 2972 V.
1785 2938 1865 2973 The

311 2992 338 3011 ²⁸
356 2994 521 3026 Sanctis-9.
572 2992 639 3025 See
658 2992 693 3024 ii.
713 2994 744 3025 5.
1100 2994 1248 3035 present
1267 2988 1449 3032 bussding,
1468 2999 1556 3021 near
1573 2987 1638 3021 the
1656 2985 1864 3029 Pantheon,

309 3039 336 3058 ⁵⁵
355 3041 556 3082 Sapientia:
591 3038 656 3072 the
692 3037 899 3072 Universita
932 3037 1030 3072 della
1099 3037 1202 3071 dates
1215 3037 1310 3070 from
1327 3034 1426 3072 1576.
1472 3035 1600 3068 Above
1612 3033 1677 3068 the
1690 3037 1866 3067 entrance

263 3089 453 3133 Sapienza,
468 3084 642 3126 founded,
655 3096 693 3118 as
709 3096 729 3118 a
746 3084 814 3118 law
831 3084 968 3127 school,
983 3085 1030 3129 by
1098 3095 1161 3118 are
1185 3083 1250 3117 the
1269 3083 1386 3116 words
1403 3093 1410 3116 :
1439 3082 1465 3099 “
1480 3081 1630 3115 Initium
1658 3081 1867 3126 Sapientiae

265 3136 448 3169 Innocent
465 3132 538 3175 IV„
560 3132 660 3166 1244.
704 3131 856 3166 Schools
873 3132 915 3166 of
926 3132 1030 3166 theo·
1099 3132 1212 3164 timor
1230 3129 1415 3164 Domini.''

1027 3191 1124 3232 203

1878 444 1916 474 25

1880 779 1919 808 30

1884 1112 1922 1143 35

1887 1448 1925 1478 40

1891 1784 1930 1814 45

1892 2120 1931 2150 50

1893 2456 1932 2486 55

1896 2791 1934 2821 60
