2247 3637
173 259 225 298 11.
251 262 290 310 8]
571 251 1056 308 MATHAEUS
1110 252 1372 311 FINCK

170 367 247 408 est
295 361 426 408 filius
475 361 753 436 presbiteri,
796 361 884 424 qui
932 360 1088 409 etiam
1136 368 1214 409 est
1261 362 1665 420 concubinarius,
1714 371 1766 412 et

170 428 548 492 deprehensus
537 445 587 475 m
613 428 877 476 adulterio.
950 427 1155 475 Deinde
1184 428 1337 476 habet
1362 429 1536 486 alium,
1563 431 1626 478 de
1662 447 1765 495 quo

171 495 301 543 bene
326 495 605 551 audivisti8‚
631 495 895 543 doctorem
921 495 1220 560 Vigandum
1244 496 1360 543 wirt
1396 469 1584 545 ordinis
1622 514 1764 572 prae-

170 561 473 617 dicatorum,
510 562 597 625 qui
637 562 867 610 similiter
914 569 992 610 est
1033 562 1247 610 infamis.
1323 562 1441 627 Ipse
1478 564 1767 628 composuit

170 628 374 685 librum,
400 629 538 692 quod
565 629 714 676 beata
739 629 882 693 virgo
918 636 994 678 est
1031 635 1277 694 concepta
1314 629 1365 676 in
1401 636 1613 694 peccato
1654 631 1764 678 Ori-

170 695 342 759 ginali,
393 702 445 743 et
492 696 682 743 fecerat
724 712 965 759 magnam
1003 696 1309 744 seditionem
1353 714 1471 745 cum
1510 698 1766 762 praedica-

171 762 398 809 tionibus
424 762 539 810 suis.
611 762 685 809 Et
721 780 840 826 eroo
876 763 975 810 fuit
1001 764 1225 811 Coactus
1254 780 1490 812 revocare
1525 765 1679 812 161ὴ3
1715 772 1766 812 et

173 829 360 893 scripta
384 845 475 876 sua
499 829 701 893 publice
728 830 1139 905 Heydelbergae‚
1164 831 1302 894 quod
1327 847 1422 896 ego
1451 838 1560 879 met
1596 832 1767 879 audivi

173 902 225 943 et
268 894 384 943 vidi.
455 895 537 943 Sic
573 896 787 960 potestis
824 897 947 944 scire
994 897 1168 961 quales
1215 905 1335 945 sunt
1381 898 1573 945 inimici
1624 898 1764 951 Ioha,

172 962 444 1010 Reuchlin.
452 963 474 979 '’
546 963 771 1018 Quando
807 963 978 1011 audivi
1002 965 1137 1019 talia,
1164 971 1290 1012 tunc
1315 965 1449 1013 dixi:
1489 966 1768 1014 ‘Domine

173 1029 259 1085 mi,
285 1046 389 1077 non
414 1030 610 1078 debetis
634 1030 757 1077 talia
781 1030 946 1078 dicere
972 1048 1141 1079 coram
1166 1032 1372 1095 populo,
1401 1032 1523 1080 Etia
1543 1032 1582 1081 si
1601 1039 1769 1081 essent

173 1114 304 1145 vera.
350 1096 489 1152 Quia
509 1097 879 1145 scandalisatur
906 1115 992 1162 per
1016 1098 1110 1147 hoc
1130 1105 1271 1147 totus
1289 1099 1446 1155 Ordo,
1466 1106 1517 1147 et
1537 1100 1769 1148 homines

172 1164 432 1229 accipiunt
450 1164 645 1212 malum
666 1164 1009 1228 exemplum.”
1081 1166 1372 1230 Respondit
1393 1167 1504 1214 ille:
1544 1175 1571 1194 ‘⁶
1591 1167 1769 1215 Etiam

174 1248 264 1279 vos
305 1247 410 1279 non
457 1231 653 1280 debetis
701 1233 797 1280 ista
843 1232 1020 1280 fecisse
1068 1239 1245 1280 contra
1294 1233 1565 1290 Reuchlin,
1614 1250 1769 1298 quem
1804 1251 1821 1282 τ

173 1299 330 1347 etiam
389 1298 620 1347 voluistis
673 1299 1019 1348 scandalisare.
1126 1300 1268 1363 Ergo
1323 1299 1428 1364 ipse
1476 1318 1613 1349 nunc
1664 1318 1770 1349 non

171 1372 344 1430 potest
392 1382 444 1414 se
490 1383 706 1430 purgare
748 1367 854 1414 sine
896 1373 1065 1414 vestro
1107 1367 1388 1414 scandalo.'’
1461 1369 1561 1416 Per
1597 1369 1769 1425 deum,

173 1433 426 1497 Magister
456 1434 690 1489 Ortvine‚
717 1449 813 1497 ego
843 1433 1029 1482 vellem
1061 1434 1197 1497 quod
1234 1434 1445 1483 haberet
1480 1435 1636 1483 finem
1674 1436 1770 1484 ista

174 1501 355 1557 Causa,
382 1500 502 1564 quia
538 1507 615 1549 est
648 1500 791 1548 nobis
827 1501 1053 1548 multum
1088 1501 1501 1549 incommodosa:
1539 1503 1770 1551 homines

172 1568 390 1632 amplius
438 1585 541 1615 non
583 1568 766 1615 volunt
812 1568 958 1615 nobis
1005 1567 1337 1616 elemosinam
1385 1569 1532 1625 dare3
1570 1586 1665 1634 ego
1703 1571 1769 1618 ivi
1805 1592 1823 1601 ⁷

172 1635 464 1700 septimana
488 1635 721 1699 proxima
744 1651 836 1700 pro
862 1634 1050 1691 Cascis,
1076 1641 1129 1682 et
1153 1652 1243 1700 per
1269 1653 1330 1683 .x.
1350 1635 1457 1684 dies
1482 1653 1584 1684 non
1602 1637 1771 1700 plures

173 1719 331 1766 quam
381 1719 478 1750 .xv.
530 1701 724 1766 collegi.
804 1701 942 1757 Quia
984 1702 1164 1750 dicunt
1205 1719 1416 1751 omnes:
1465 1704 1658 1751 “Vade
1707 1705 1769 1752 ad

174 1770 216 1816 Ι.
263 1770 346 1826 R„
390 1776 443 1818 et
484 1770 565 1817 dic
607 1769 747 1833 quod
785 1770 875 1817 det
914 1769 1010 1817 tibi
1053 1770 1266 1818 caseos.”
1343 1770 1604 1819 Dominus
1646 1771 1771 1819 deus

172 1836 368 1885 tribuat
392 1838 586 1885 bonum
612 1838 781 1885 finem.
856 1836 930 1884 Et
956 1837 1024 1884 sic
1052 1836 1261 1886 valeatis
1286 1836 1338 1884 in
1362 1837 1588 1886 domino.

282 1921 431 1958 Datum
458 1921 607 1958 HALLls
627 1933 669 1958 1N
690 1921 879 1958 SAonIA.

901 2175 1044 2223 VIII

258 2310 321 2358 (Ε
358 2309 478 2356 MA
494 2309 831 2423 ΤΗΑΕΚᾹΙΘΥ
860 2308 1262 2424 ΙΟῑἾΛΤβΙζΘΒΑ
1275 2308 1679 2357 CULARIUS

817 2415 825 2424 .
918 2383 1086 2425 rtvmo
1185 2415 1194 2424 .

242 2511 843 2560 NENARRABILES
894 2512 1082 2560 salutes
1129 2518 1181 2559 et
1229 2527 1424 2559 amores
1472 2509 1766 2558 ineffabiles.

276 2579 608 2627 Honorabilis
647 2580 736 2635 vir,
776 2578 1236 2644 quoniamquidem
1283 2577 1593 2625 sufficienter
1631 2575 1768 2624 scitis

1801 582 1838 611 60

1807 1926 1844 1956 80

171 2647 434 2710 quomodo
471 2652 551 2694 sto
588 2645 669 2694 hic
705 2647 757 2694 in
790 2647 932 2694 Urbe
969 2647 1155 2703 Roma,
1181 2652 1234 2693 et
1271 2662 1386 2693 sum
1422 2644 1473 2691 in
1512 2643 1767 2706 Copistria
1798 2660 1816 2689 5

172 2719 224 2760 et
249 2712 312 2761 de
341 2714 505 2777 gratia
533 2713 615 2762 dei
643 2713 808 2761 habeo
833 2714 1027 2762 bonum
1058 2712 1353 2761 servitium:
1391 2726 1510 2775 ergo
1548 2726 1653 2757 non
1689 2716 1766 2757 est

173 2796 375 2828 necesse
406 2781 547 2844 quod
576 2781 739 2828 scribo
765 2781 908 2828 vobis
942 2781 1005 2828 de
1037 2797 1113 2836 eo,
1139 2780 1260 2844 quia
1291 2778 1448 2826 etiam
1476 2793 1580 2824 non
1608 2776 1765 2824 liben-

169 2853 249 2894 ter
288 2846 458 2911 legitis
496 2848 771 2912 productas
809 2848 920 2895 lfas.
1018 2847 1120 2895 Sed
1161 2845 1445 2894 secundum
1484 2844 1579 2891 hoc
1627 2844 1767 2908 quod

171 2913 380 2989 promisi
427 2914 570 2961 vobis
618 2914 832 2963 scribere
879 2914 1134 2962 novitates
1183 2930 1245 2960 ex
1294 2911 1419 2959 urbe
1467 2911 1654 2968 Roma,
1703 2911 1766 2958 ad

172 2981 342 3029 minus
379 2981 536 3028 semel
576 2981 628 3028 in
669 2998 860 3038 mense,
901 2987 953 3029 et
992 2980 1424 3046 quandocumque
1471 2976 1604 3026 irent
1641 2979 1765 3026 Cur-

311 3082 339 3102 ⁵⁹
358 3086 445 3118 wirt.
495 3084 602 3119 Seei.
621 3085 681 3127 47,
700 3096 734 3118 n.
1124 3081 1276 3115 ¹Fi71ck.
1326 3081 1420 3116 See‘
1412 3081 1447 3115 1i.
1465 3083 1524 3124 54,
1543 3093 1578 3115 n.

621 3131 635 3151 ⁶
651 3133 826 3174 copistria.
876 3131 953 3166 Not
968 3129 1165 3165 elsewhere
1183 3127 1310 3163 found.

932 3191 1026 3232 145
1531 3199 1564 3231 Κ

1803 2995 1839 3024 10
