<?xml version="1.0" encoding="UTF-8"?>
<!DOCTYPE html PUBLIC "-//W3C//DTD XHTML 1.0 Transitional//EN"
    "http://www.w3.org/TR/xhtml1/DTD/xhtml1-transitional.dtd">
<html xmlns="http://www.w3.org/1999/xhtml" xml:lang="en" lang="en">
 <head>
  <title>
</title>
<meta http-equiv="Content-Type" content="text/html;charset=utf-8" />
  <meta name='ocr-system' content='tesseract 3.04.00' />
  <meta name='ocr-capabilities' content='ocr_page ocr_carea ocr_par ocr_line ocrx_word'/>
</head>
<body>
  <div class='ocr_page' id='page_1' title='image "./epistolaeobscuro00huttuoft_0340.png"; bbox 0 0 2247 3637; ppageno 0'>
   <div class='ocr_carea' id='block_1_1' title="bbox 380 264 1968 322">
    <p class='ocr_par' dir='ltr' id='par_1_1' title="bbox 380 264 1968 322">
     <span class='ocr_line' id='line_1_1' title="bbox 380 264 1968 322; baseline -0.001 -1"><span class='ocrx_word' id='word_1_1' title='bbox 380 265 851 322; x_wconf 85' lang='lat' dir='ltr'><strong>EPISTOLAE</strong></span> <span class='ocrx_word' id='word_1_2' title='bbox 912 264 1504 322; x_wconf 80' lang='lat' dir='ltr'>OBSCURORUM</span> <span class='ocrx_word' id='word_1_3' title='bbox 1559 265 1968 322; x_wconf 85' lang='lat' dir='ltr'>VIRORUM</span> 
     </span>
    </p>
   </div>
   <div class='ocr_carea' id='block_1_2' title="bbox 377 372 1969 438">
    <p class='ocr_par' dir='ltr' id='par_1_2' title="bbox 377 372 1969 438">
     <span class='ocr_line' id='line_1_2' title="bbox 377 372 1969 438; baseline 0 -17"><span class='ocrx_word' id='word_1_4' title='bbox 377 373 553 422; x_wconf 89' lang='lat' dir='ltr'>Pontii</span> <span class='ocrx_word' id='word_1_5' title='bbox 594 373 677 421; x_wconf 87' lang='lat' dir='ltr'>vel</span> <span class='ocrx_word' id='word_1_6' title='bbox 719 372 867 421; x_wconf 90' lang='lat' dir='ltr'>Pauli</span> <span class='ocrx_word' id='word_1_7' title='bbox 910 373 1088 421; x_wconf 88' lang='lat' dir='ltr'>Niavis</span> <span class='ocrx_word' id='word_1_8' title='bbox 1130 374 1219 438; x_wconf 92' lang='lat' dir='ltr'>qui</span> <span class='ocrx_word' id='word_1_9' title='bbox 1258 374 1359 422; x_wconf 88' lang='lat' dir='ltr'>fuit</span> <span class='ocrx_word' id='word_1_10' title='bbox 1405 373 1648 438; x_wconf 86' lang='lat' dir='ltr'>magister</span> <span class='ocrx_word' id='word_1_11' title='bbox 1695 373 1969 438; x_wconf 85' lang='lat' dir='ltr'>Lipsensis.</span> 
     </span>
    </p>
   </div>
   <div class='ocr_carea' id='block_1_3' title="bbox 304 440 1970 505">
    <p class='ocr_par' dir='ltr' id='par_1_3' title="bbox 304 440 1970 505">
     <span class='ocr_line' id='line_1_3' title="bbox 304 440 1970 505; baseline 0 -17"><span class='ocrx_word' id='word_1_12' title='bbox 304 460 343 488; x_wconf 84' lang='lat'>20</span> <span class='ocrx_word' id='word_1_13' title='bbox 377 441 555 488; x_wconf 89' lang='lat' dir='ltr'>Etiam</span> <span class='ocrx_word' id='word_1_14' title='bbox 603 440 687 488; x_wconf 87' lang='lat' dir='ltr'>isti</span> <span class='ocrx_word' id='word_1_15' title='bbox 734 446 916 505; x_wconf 90' lang='lat' dir='ltr'>poetae</span> <span class='ocrx_word' id='word_1_16' title='bbox 962 447 1084 488; x_wconf 89' lang='lat' dir='ltr'>sunt</span> <span class='ocrx_word' id='word_1_17' title='bbox 1131 457 1269 488; x_wconf 83' lang='lat' dir='ltr'>nunc</span> <span class='ocrx_word' id='word_1_18' title='bbox 1317 441 1464 488; x_wconf 84' lang='lat' dir='ltr'>valde</span> <span class='ocrx_word' id='word_1_19' title='bbox 1510 440 1866 504; x_wconf 89' lang='lat' dir='ltr'>reprehensivi,</span> <span class='ocrx_word' id='word_1_20' title='bbox 1918 446 1970 488; x_wconf 92' lang='lat' dir='ltr'>et</span> 
     </span>
    </p>
   </div>
   <div class='ocr_carea' id='block_1_4' title="bbox 301 793 340 822">
    <p class='ocr_par' dir='ltr' id='par_1_4' title="bbox 301 793 340 822">
     <span class='ocr_line' id='line_1_4' title="bbox 301 793 340 822; baseline 0 0"><span class='ocrx_word' id='word_1_21' title='bbox 301 793 340 822; x_wconf 86' lang='lat'>25</span> 
     </span>
    </p>
   </div>
   <div class='ocr_carea' id='block_1_5' title="bbox 306 1886 343 1915">
    <p class='ocr_par' dir='ltr' id='par_1_5' title="bbox 306 1886 343 1915">
     <span class='ocr_line' id='line_1_5' title="bbox 306 1886 343 1915; baseline 0 0"><span class='ocrx_word' id='word_1_22' title='bbox 306 1886 343 1915; x_wconf 88' lang='lat'>10</span> 
     </span>
    </p>
   </div>
   <div class='ocr_carea' id='block_1_6' title="bbox 306 2220 344 2249">
    <p class='ocr_par' dir='ltr' id='par_1_6' title="bbox 306 2220 344 2249">
     <span class='ocr_line' id='line_1_6' title="bbox 306 2220 344 2249; baseline 0 0"><span class='ocrx_word' id='word_1_23' title='bbox 306 2220 344 2249; x_wconf 84' lang='lat'>15</span> 
     </span>
    </p>
   </div>
   <div class='ocr_carea' id='block_1_7' title="bbox 305 2555 343 2584">
    <p class='ocr_par' dir='ltr' id='par_1_7' title="bbox 305 2555 343 2584">
     <span class='ocr_line' id='line_1_7' title="bbox 305 2555 343 2584; baseline 0 0"><span class='ocrx_word' id='word_1_24' title='bbox 305 2555 343 2584; x_wconf 85' lang='lat'>20</span> 
     </span>
    </p>
   </div>
   <div class='ocr_carea' id='block_1_8' title="bbox 376 507 1973 824">
    <p class='ocr_par' dir='ltr' id='par_1_8' title="bbox 376 507 1973 824">
     <span class='ocr_line' id='line_1_8' title="bbox 377 507 1973 572; baseline -0.001 -17"><span class='ocrx_word' id='word_1_25' title='bbox 377 508 584 571; x_wconf 90' lang='lat' dir='ltr'>quando</span> <span class='ocrx_word' id='word_1_26' title='bbox 616 508 797 572; x_wconf 90' lang='lat' dir='ltr'>aliquis</span> <span class='ocrx_word' id='word_1_27' title='bbox 831 507 1004 555; x_wconf 84' lang='lat' dir='ltr'>scribit</span> <span class='ocrx_word' id='word_1_28' title='bbox 1041 507 1247 571; x_wconf 89' lang='lat' dir='ltr'>aliquid,</span> <span class='ocrx_word' id='word_1_29' title='bbox 1273 514 1399 555; x_wconf 89' lang='lat' dir='ltr'>tune</span> <span class='ocrx_word' id='word_1_30' title='bbox 1436 507 1644 555; x_wconf 85' lang='lat' dir='ltr'>dieunt:</span> <span class='ocrx_word' id='word_1_31' title='bbox 1684 507 1868 556; x_wconf 82' lang='lat' dir='ltr'>“Eece</span> <span class='ocrx_word' id='word_1_32' title='bbox 1904 507 1973 554; x_wconf 87' lang='lat' dir='ltr'>ibi</span> 
     </span>
     <span class='ocr_line' id='line_1_9' title="bbox 376 573 1972 623; baseline -0.001 -1"><span class='ocrx_word' id='word_1_33' title='bbox 376 581 428 622; x_wconf 93' lang='lat' dir='ltr'>et</span> <span class='ocrx_word' id='word_1_34' title='bbox 453 575 522 622; x_wconf 93' lang='lat' dir='ltr'>ibi</span> <span class='ocrx_word' id='word_1_35' title='bbox 547 591 651 622; x_wconf 92' lang='lat' dir='ltr'>non</span> <span class='ocrx_word' id='word_1_36' title='bbox 677 583 703 622; x_wconf 73' lang='lat' dir='ltr'>e</span> <span class='ocrx_word' id='word_1_37' title='bbox 730 575 861 622; x_wconf 92' lang='lat' dir='ltr'>bona</span> <span class='ocrx_word' id='word_1_38' title='bbox 884 573 1159 622; x_wconf 86' lang='lat' dir='ltr'>latinisatio</span> <span class='ocrx_word' id='word_1_39' title='bbox 1179 592 1188 623; x_wconf 91' lang='lat'><strong>:</strong></span> <span class='ocrx_word' id='word_1_40' title='bbox 1207 576 1230 592; x_wconf 88' lang='lat'>”</span> <span class='ocrx_word' id='word_1_41' title='bbox 1265 581 1317 623; x_wconf 90' lang='lat' dir='ltr'>et</span> <span class='ocrx_word' id='word_1_42' title='bbox 1343 574 1555 622; x_wconf 91' lang='lat' dir='ltr'>veniunt</span> <span class='ocrx_word' id='word_1_43' title='bbox 1588 574 1689 621; x_wconf 83' lang='lat' dir='ltr'>huc</span> <span class='ocrx_word' id='word_1_44' title='bbox 1722 590 1840 622; x_wconf 87' lang='lat' dir='ltr'>cum</span> <span class='ocrx_word' id='word_1_45' title='bbox 1871 575 1972 621; x_wconf 89' lang='lat' dir='ltr'>suis</span> 
     </span>
     <span class='ocr_line' id='line_1_10' title="bbox 376 641 1970 705; baseline 0 -17"><span class='ocrx_word' id='word_1_46' title='bbox 376 641 520 690; x_wconf 87' lang='lat' dir='ltr'>novis</span> <span class='ocrx_word' id='word_1_47' title='bbox 549 642 780 689; x_wconf 90' lang='lat' dir='ltr'>terminis</span> <span class='ocrx_word' id='word_1_48' title='bbox 816 648 868 690; x_wconf 90' lang='lat' dir='ltr'>et</span> <span class='ocrx_word' id='word_1_49' title='bbox 904 641 1229 690; x_wconf 84' lang='lat' dir='ltr'>confundunt</span> <span class='ocrx_word' id='word_1_50' title='bbox 1265 641 1529 705; x_wconf 88' lang='lat' dir='ltr'>antiquam</span> <span class='ocrx_word' id='word_1_51' title='bbox 1565 642 1970 705; x_wconf 75' lang='lat' dir='ltr'>grammaticam.</span> 
     </span>
     <span class='ocr_line' id='line_1_11' title="bbox 378 707 1973 773; baseline 0 -18"><span class='ocrx_word' id='word_1_52' title='bbox 378 708 520 773; x_wconf 90' lang='lat' dir='ltr'>Ergo</span> <span class='ocrx_word' id='word_1_53' title='bbox 561 725 665 756; x_wconf 91' lang='lat' dir='ltr'>non</span> <span class='ocrx_word' id='word_1_54' title='bbox 708 725 915 772; x_wconf 84' lang='lat' dir='ltr'>possum</span> <span class='ocrx_word' id='word_1_55' title='bbox 958 708 1172 756; x_wconf 86' lang='lat' dir='ltr'>scribere</span> <span class='ocrx_word' id='word_1_56' title='bbox 1212 708 1264 755; x_wconf 88' lang='lat' dir='ltr'>in</span> <span class='ocrx_word' id='word_1_57' title='bbox 1306 708 1414 756; x_wconf 77' lang='lat' dir='ltr'>istis</span> <span class='ocrx_word' id='word_1_58' title='bbox 1462 708 1743 756; x_wconf 89' lang='lat' dir='ltr'>Caloribus.</span> <span class='ocrx_word' id='word_1_59' title='bbox 1829 707 1973 772; x_wconf 90' lang='lat' dir='ltr'>Ergo</span> 
     </span>
     <span class='ocr_line' id='line_1_12' title="bbox 376 776 1419 824; baseline 0 -1"><span class='ocrx_word' id='word_1_60' title='bbox 376 776 604 824; x_wconf 88' lang='lat' dir='ltr'>habeatis</span> <span class='ocrx_word' id='word_1_61' title='bbox 628 792 712 823; x_wconf 91' lang='lat' dir='ltr'>me</span> <span class='ocrx_word' id='word_1_62' title='bbox 736 781 1053 824; x_wconf 83' lang='lat' dir='ltr'>excusatum.</span> <span class='ocrx_word' id='word_1_63' title='bbox 1126 776 1199 823; x_wconf 91' lang='lat' dir='ltr'>Et</span> <span class='ocrx_word' id='word_1_64' title='bbox 1224 776 1419 823; x_wconf 92' lang='lat' dir='ltr'>Valete.</span> 
     </span>
    </p>
   </div>
   <div class='ocr_carea' id='block_1_9' title="bbox 484 859 823 898">
    <p class='ocr_par' dir='ltr' id='par_1_9' title="bbox 484 859 823 898">
     <span class='ocr_line' id='line_1_13' title="bbox 484 859 823 898; baseline 0.009 -3"><span class='ocrx_word' id='word_1_65' title='bbox 484 859 638 897; x_wconf 88' lang='lat' dir='ltr'>Datum</span> <span class='ocrx_word' id='word_1_66' title='bbox 669 859 823 898; x_wconf 77' lang='lat' dir='ltr'><strong>ROMAE.</strong></span> 
     </span>
    </p>
   </div>
   <div class='ocr_carea' id='block_1_10' title="bbox 1059 1062 1295 1108">
    <p class='ocr_par' dir='ltr' id='par_1_10' title="bbox 1059 1062 1295 1108">
     <span class='ocr_line' id='line_1_14' title="bbox 1059 1062 1295 1108; baseline 0 0"><span class='ocrx_word' id='word_1_67' title='bbox 1059 1062 1295 1108; x_wconf 88' lang='lat' dir='ltr'>XXXII</span> 
     </span>
    </p>
   </div>
   <div class='ocr_carea' id='block_1_11' title="bbox 394 1194 1968 1327">
    <p class='ocr_par' dir='ltr' id='par_1_11' title="bbox 394 1194 1968 1327">
     <span class='ocr_line' id='line_1_15' title="bbox 394 1194 1968 1243; baseline -0.001 0"><span class='ocrx_word' id='word_1_68' title='bbox 394 1196 458 1243; x_wconf 73' lang='lat'>([</span> <span class='ocrx_word' id='word_1_69' title='bbox 496 1195 575 1242; x_wconf 88' lang='lat' dir='ltr'>M.</span> <span class='ocrx_word' id='word_1_70' title='bbox 615 1195 1109 1243; x_wconf 80' lang='lat' dir='ltr'><em>HENRICHUS</em></span> <span class='ocrx_word' id='word_1_71' title='bbox 1142 1194 1968 1243; x_wconf 78' lang='lat' dir='ltr'><em>CRIBELINIONIACIUS</em></span> 
     </span>
     <span class='ocr_line' id='line_1_16' title="bbox 788 1261 1563 1327; baseline -0.001 -18"><span class='ocrx_word' id='word_1_72' title='bbox 788 1263 1050 1327; x_wconf 63' lang='lat' dir='ltr'>sslczgistro</span> <span class='ocrx_word' id='word_1_73' title='bbox 1091 1262 1305 1310; x_wconf 72' lang='lat' dir='ltr'>Ortvino</span> <span class='ocrx_word' id='word_1_74' title='bbox 1342 1261 1563 1310; x_wconf 76' lang='lat' dir='ltr'>Salutem</span> 
     </span>
    </p>
   </div>
   <div class='ocr_carea' id='block_1_12' title="bbox 376 1394 1980 2799">
    <p class='ocr_par' dir='ltr' id='par_1_12' title="bbox 376 1394 1980 2799">
     <span class='ocr_line' id='line_1_17' title="bbox 377 1394 1977 1509; baseline 0 -68"><span class='ocrx_word' id='word_1_75' title='bbox 377 1394 962 1509; x_wconf 77' lang='lat' dir='ltr'><strong>VENERABILIS</strong></span> <span class='ocrx_word' id='word_1_76' title='bbox 1004 1396 1270 1460; x_wconf 80' lang='lat' dir='ltr'>Magister,</span> <span class='ocrx_word' id='word_1_77' title='bbox 1307 1395 1532 1460; x_wconf 89' lang='lat' dir='ltr'>primum</span> <span class='ocrx_word' id='word_1_78' title='bbox 1561 1402 1613 1444; x_wconf 92' lang='lat' dir='ltr'>et</span> <span class='ocrx_word' id='word_1_79' title='bbox 1650 1401 1771 1443; x_wconf 91' lang='lat' dir='ltr'>ante</span> <span class='ocrx_word' id='word_1_80' title='bbox 1803 1394 1977 1442; x_wconf 90' lang='lat' dir='ltr'>omnia</span> 
     </span>
     <span class='ocr_line' id='line_1_18' title="bbox 537 1461 1976 1526; baseline -0.001 -17"><span class='ocrx_word' id='word_1_81' title='bbox 537 1461 722 1518; x_wconf 85' lang='lat' dir='ltr'>sciatis,</span> <span class='ocrx_word' id='word_1_82' title='bbox 761 1462 900 1526; x_wconf 92' lang='lat' dir='ltr'>quod</span> <span class='ocrx_word' id='word_1_83' title='bbox 932 1462 1127 1526; x_wconf 87' lang='lat' dir='ltr'>perdidi</span> <span class='ocrx_word' id='word_1_84' title='bbox 1163 1462 1288 1510; x_wconf 87' lang='lat' dir='ltr'>duas</span> <span class='ocrx_word' id='word_1_85' title='bbox 1324 1463 1616 1519; x_wconf 83' lang='lat' dir='ltr'>sententias,</span> <span class='ocrx_word' id='word_1_86' title='bbox 1655 1469 1709 1510; x_wconf 93' lang='lat' dir='ltr'>et</span> <span class='ocrx_word' id='word_1_87' title='bbox 1744 1463 1784 1510; x_wconf 87' lang='lat' dir='ltr'>si</span> <span class='ocrx_word' id='word_1_88' title='bbox 1818 1461 1976 1526; x_wconf 89' lang='lat' dir='ltr'>perdo</span> 
     </span>
     <span class='ocr_line' id='line_1_19' title="bbox 376 1528 1975 1585; baseline 0.001 -10"><span class='ocrx_word' id='word_1_89' title='bbox 376 1529 600 1585; x_wconf 78' lang='lat' dir='ltr'>tertiam,</span> <span class='ocrx_word' id='word_1_90' title='bbox 644 1535 770 1576; x_wconf 85' lang='lat' dir='ltr'>tune</span> <span class='ocrx_word' id='word_1_91' title='bbox 812 1529 1042 1576; x_wconf 89' lang='lat' dir='ltr'>diabolus</span> <span class='ocrx_word' id='word_1_92' title='bbox 1084 1529 1180 1577; x_wconf 89' lang='lat' dir='ltr'>erit</span> <span class='ocrx_word' id='word_1_93' title='bbox 1220 1530 1414 1577; x_wconf 84' lang='lat' dir='ltr'>Abbas.</span> <span class='ocrx_word' id='word_1_94' title='bbox 1487 1530 1561 1577; x_wconf 89' lang='lat' dir='ltr'>Et</span> <span class='ocrx_word' id='word_1_95' title='bbox 1608 1530 1769 1578; x_wconf 88' lang='lat' dir='ltr'>timeo</span> <span class='ocrx_word' id='word_1_96' title='bbox 1811 1528 1975 1584; x_wconf 85' lang='lat' dir='ltr'>valde,</span> 
     </span>
     <span class='ocr_line' id='line_1_20' title="bbox 379 1595 1976 1659; baseline 0.001 -17"><span class='ocrx_word' id='word_1_97' title='bbox 379 1595 498 1659; x_wconf 90' lang='lat' dir='ltr'>quia</span> <span class='ocrx_word' id='word_1_98' title='bbox 540 1596 771 1644; x_wconf 89' lang='lat' dir='ltr'>Auditor</span> <span class='ocrx_word' id='word_1_99' title='bbox 805 1595 938 1644; x_wconf 87' lang='lat' dir='ltr'>dixit</span> <span class='ocrx_word' id='word_1_100' title='bbox 977 1596 1130 1645; x_wconf 85' lang='lat' dir='ltr'>mihi:</span> <span class='ocrx_word' id='word_1_101' title='bbox 1174 1597 1321 1644; x_wconf 86' lang='lat' dir='ltr'>“Per</span> <span class='ocrx_word' id='word_1_102' title='bbox 1358 1597 1529 1653; x_wconf 91' lang='lat' dir='ltr'>deum,</span> <span class='ocrx_word' id='word_1_103' title='bbox 1568 1597 1607 1644; x_wconf 86' lang='lat' dir='ltr'>si</span> <span class='ocrx_word' id='word_1_104' title='bbox 1644 1613 1806 1645; x_wconf 87' lang='lat' dir='ltr'>essem</span> <span class='ocrx_word' id='word_1_105' title='bbox 1843 1595 1976 1644; x_wconf 85' lang='lat' dir='ltr'>sieut</span> 
     </span>
     <span class='ocr_line' id='line_1_21' title="bbox 378 1663 1976 1728; baseline 0 -18"><span class='ocrx_word' id='word_1_106' title='bbox 378 1679 483 1718; x_wconf 90' lang='lat' dir='ltr'>VOS,</span> <span class='ocrx_word' id='word_1_107' title='bbox 510 1679 605 1727; x_wconf 89' lang='lat' dir='ltr'>ego</span> <span class='ocrx_word' id='word_1_108' title='bbox 638 1679 741 1710; x_wconf 91' lang='lat' dir='ltr'>non</span> <span class='ocrx_word' id='word_1_109' title='bbox 766 1663 950 1711; x_wconf 88' lang='lat' dir='ltr'>vellem</span> <span class='ocrx_word' id='word_1_110' title='bbox 987 1663 1255 1728; x_wconf 88' lang='lat' dir='ltr'>appellare,</span> <span class='ocrx_word' id='word_1_111' title='bbox 1283 1664 1402 1727; x_wconf 92' lang='lat' dir='ltr'>quia</span> <span class='ocrx_word' id='word_1_112' title='bbox 1437 1680 1540 1711; x_wconf 93' lang='lat' dir='ltr'>non</span> <span class='ocrx_word' id='word_1_113' title='bbox 1576 1663 1773 1712; x_wconf 88' lang='lat' dir='ltr'>habetis</span> <span class='ocrx_word' id='word_1_114' title='bbox 1812 1663 1976 1711; x_wconf 81' lang='lat' dir='ltr'>Ius:⁷’</span> 
     </span>
     <span class='ocr_line' id='line_1_22' title="bbox 378 1730 1976 1795; baseline 0.001 -19"><span class='ocrx_word' id='word_1_115' title='bbox 378 1746 499 1794; x_wconf 89' lang='lat' dir='ltr'>ergo</span> <span class='ocrx_word' id='word_1_116' title='bbox 539 1747 644 1777; x_wconf 91' lang='lat' dir='ltr'>non</span> <span class='ocrx_word' id='word_1_117' title='bbox 687 1730 790 1777; x_wconf 89' lang='lat' dir='ltr'>scio</span> <span class='ocrx_word' id='word_1_118' title='bbox 832 1731 956 1794; x_wconf 92' lang='lat' dir='ltr'>quid</span> <span class='ocrx_word' id='word_1_119' title='bbox 1003 1731 1164 1778; x_wconf 84' lang='lat' dir='ltr'>debeo</span> <span class='ocrx_word' id='word_1_120' title='bbox 1212 1731 1388 1779; x_wconf 87' lang='lat' dir='ltr'>facere.</span> <span class='ocrx_word' id='word_1_121' title='bbox 1475 1731 1591 1795; x_wconf 88' lang='lat' dir='ltr'>Ego</span> <span class='ocrx_word' id='word_1_122' title='bbox 1640 1731 1788 1779; x_wconf 83' lang='lat' dir='ltr'>eredo</span> <span class='ocrx_word' id='word_1_123' title='bbox 1837 1730 1976 1794; x_wconf 92' lang='lat' dir='ltr'>quod</span> 
     </span>
     <span class='ocr_line' id='line_1_23' title="bbox 377 1796 1979 1861; baseline 0.001 -18"><span class='ocrx_word' id='word_1_124' title='bbox 377 1796 608 1861; x_wconf 84' lang='lat' dir='ltr'>theologi</span> <span class='ocrx_word' id='word_1_125' title='bbox 633 1797 729 1844; x_wconf 83' lang='lat' dir='ltr'>hoc</span> <span class='ocrx_word' id='word_1_126' title='bbox 759 1814 892 1844; x_wconf 91' lang='lat' dir='ltr'>anno</span> <span class='ocrx_word' id='word_1_127' title='bbox 922 1813 1025 1845; x_wconf 93' lang='lat' dir='ltr'>non</span> <span class='ocrx_word' id='word_1_128' title='bbox 1055 1797 1244 1845; x_wconf 92' lang='lat' dir='ltr'>debent</span> <span class='ocrx_word' id='word_1_129' title='bbox 1274 1798 1535 1845; x_wconf 85' lang='lat' dir='ltr'>fortunam</span> <span class='ocrx_word' id='word_1_130' title='bbox 1566 1797 1764 1847; x_wconf 85' lang='lat' dir='ltr'>habere.</span> <span class='ocrx_word' id='word_1_131' title='bbox 1839 1797 1979 1853; x_wconf 79' lang='lat' dir='ltr'>Quia</span> 
     </span>
     <span class='ocr_line' id='line_1_24' title="bbox 379 1863 1977 1929; baseline 0.001 -19"><span class='ocrx_word' id='word_1_132' title='bbox 379 1863 536 1911; x_wconf 92' lang='lat' dir='ltr'>etiam</span> <span class='ocrx_word' id='word_1_133' title='bbox 562 1863 779 1911; x_wconf 87' lang='lat' dir='ltr'>eximius</span> <span class='ocrx_word' id='word_1_134' title='bbox 800 1864 875 1911; x_wconf 87' lang='lat' dir='ltr'>vir</span> <span class='ocrx_word' id='word_1_135' title='bbox 893 1865 962 1912; x_wconf 92' lang='lat' dir='ltr'>D.</span> <span class='ocrx_word' id='word_1_136' title='bbox 986 1865 1060 1912; x_wconf 90' lang='lat' dir='ltr'>M.</span> <span class='ocrx_word' id='word_1_137' title='bbox 1082 1871 1255 1912; x_wconf 86' lang='lat' dir='ltr'>noster</span> <span class='ocrx_word' id='word_1_138' title='bbox 1280 1865 1466 1912; x_wconf 88' lang='lat' dir='ltr'>Petrus</span> <span class='ocrx_word' id='word_1_139' title='bbox 1494 1866 1674 1929; x_wconf 87' lang='lat' dir='ltr'>Meyer</span> <span class='ocrx_word' id='word_1_140' title='bbox 1699 1865 1818 1912; x_wconf 79' lang='lat' dir='ltr'>satis</span> <span class='ocrx_word' id='word_1_141' title='bbox 1843 1863 1977 1911; x_wconf 90' lang='lat' dir='ltr'>male</span> 
     </span>
     <span class='ocr_line' id='line_1_25' title="bbox 379 1930 1975 1986; baseline 0 -9"><span class='ocrx_word' id='word_1_142' title='bbox 379 1936 483 1977; x_wconf 88' lang='lat' dir='ltr'>stat</span> <span class='ocrx_word' id='word_1_143' title='bbox 518 1930 569 1978; x_wconf 91' lang='lat' dir='ltr'>in</span> <span class='ocrx_word' id='word_1_144' title='bbox 607 1948 757 1978; x_wconf 84' lang='lat' dir='ltr'>eausa</span> <span class='ocrx_word' id='word_1_145' title='bbox 799 1948 889 1979; x_wconf 87' lang='lat' dir='ltr'>sua</span> <span class='ocrx_word' id='word_1_146' title='bbox 931 1937 1107 1978; x_wconf 85' lang='lat' dir='ltr'>eontra</span> <span class='ocrx_word' id='word_1_147' title='bbox 1149 1932 1434 1979; x_wconf 85' lang='lat' dir='ltr'>Canonieos</span> <span class='ocrx_word' id='word_1_148' title='bbox 1477 1933 1521 1979; x_wconf 87' lang='lat' dir='ltr'><strong>F</strong></span> <span class='ocrx_word' id='word_1_149' title='bbox 1525 1932 1975 1986; x_wconf 83' lang='lat' dir='ltr'>ranekfordienses,</span> 
     </span>
     <span class='ocr_line' id='line_1_26' title="bbox 379 1997 1976 2063; baseline 0.001 -19"><span class='ocrx_word' id='word_1_150' title='bbox 379 1997 518 2061; x_wconf 93' lang='lat' dir='ltr'>quod</span> <span class='ocrx_word' id='word_1_151' title='bbox 554 2005 747 2045; x_wconf 88' lang='lat' dir='ltr'>vexant</span> <span class='ocrx_word' id='word_1_152' title='bbox 782 1998 927 2045; x_wconf 89' lang='lat' dir='ltr'>illum</span> <span class='ocrx_word' id='word_1_153' title='bbox 965 1998 1159 2045; x_wconf 90' lang='lat' dir='ltr'>bonum</span> <span class='ocrx_word' id='word_1_154' title='bbox 1202 2006 1254 2046; x_wconf 92' lang='lat' dir='ltr'>et</span> <span class='ocrx_word' id='word_1_155' title='bbox 1295 1998 1543 2046; x_wconf 84' lang='lat' dir='ltr'>devotum</span> <span class='ocrx_word' id='word_1_156' title='bbox 1585 2005 1799 2063; x_wconf 86' lang='lat' dir='ltr'>patrem.</span> <span class='ocrx_word' id='word_1_157' title='bbox 1874 1997 1976 2046; x_wconf 91' lang='lat' dir='ltr'>Sed</span> 
     </span>
     <span class='ocr_line' id='line_1_27' title="bbox 380 2064 1972 2130; baseline 0 -18"><span class='ocrx_word' id='word_1_158' title='bbox 380 2064 530 2112; x_wconf 85' lang='lat' dir='ltr'>eredo</span> <span class='ocrx_word' id='word_1_159' title='bbox 582 2065 721 2128; x_wconf 89' lang='lat' dir='ltr'>quod</span> <span class='ocrx_word' id='word_1_160' title='bbox 774 2065 857 2112; x_wconf 78' lang='lat' dir='ltr'>isti</span> <span class='ocrx_word' id='word_1_161' title='bbox 920 2064 1166 2112; x_wconf 80' lang='lat' dir='ltr'>Canonioi</span> <span class='ocrx_word' id='word_1_162' title='bbox 1224 2066 1422 2114; x_wconf 78' lang='lat' dir='ltr'>faciunt</span> <span class='ocrx_word' id='word_1_163' title='bbox 1479 2066 1575 2113; x_wconf 84' lang='lat' dir='ltr'>hoc</span> <span class='ocrx_word' id='word_1_164' title='bbox 1632 2072 1839 2130; x_wconf 89' lang='lat' dir='ltr'>propter</span> <span class='ocrx_word' id='word_1_165' title='bbox 1899 2065 1972 2112; x_wconf 77' lang='lat' dir='ltr'>Io,</span> 
     </span>
     <span class='ocr_line' id='line_1_28' title="bbox 380 2131 1978 2197; baseline 0 -18"><span class='ocrx_word' id='word_1_166' title='bbox 380 2131 638 2179; x_wconf 83' lang='lat' dir='ltr'>Reuchlin</span> <span class='ocrx_word' id='word_1_167' title='bbox 677 2148 831 2196; x_wconf 88' lang='lat' dir='ltr'>quem</span> <span class='ocrx_word' id='word_1_168' title='bbox 871 2131 1094 2196; x_wconf 86' lang='lat' dir='ltr'>diligunt</span> <span class='ocrx_word' id='word_1_169' title='bbox 1131 2139 1339 2197; x_wconf 86' lang='lat' dir='ltr'>propter</span> <span class='ocrx_word' id='word_1_170' title='bbox 1380 2148 1522 2180; x_wconf 83' lang='lat' dir='ltr'>suam</span> <span class='ocrx_word' id='word_1_171' title='bbox 1564 2133 1828 2197; x_wconf 89' lang='lat' dir='ltr'>poetriam.</span> <span class='ocrx_word' id='word_1_172' title='bbox 1903 2131 1978 2179; x_wconf 90' lang='lat' dir='ltr'>Et</span> 
     </span>
     <span class='ocr_line' id='line_1_29' title="bbox 379 2199 1978 2263; baseline 0.001 -18"><span class='ocrx_word' id='word_1_173' title='bbox 379 2204 647 2263; x_wconf 88' lang='lat' dir='ltr'>propterea</span> <span class='ocrx_word' id='word_1_174' title='bbox 689 2199 919 2246; x_wconf 84' lang='lat' dir='ltr'>volentes</span> <span class='ocrx_word' id='word_1_175' title='bbox 961 2199 1006 2247; x_wconf 92' lang='lat' dir='ltr'>ei</span> <span class='ocrx_word' id='word_1_176' title='bbox 1048 2199 1244 2263; x_wconf 85' lang='lat' dir='ltr'>plaeere</span> <span class='ocrx_word' id='word_1_177' title='bbox 1291 2199 1540 2247; x_wconf 83' lang='lat' dir='ltr'>tribulant</span> <span class='ocrx_word' id='word_1_178' title='bbox 1588 2199 1733 2247; x_wconf 93' lang='lat' dir='ltr'>illum</span> <span class='ocrx_word' id='word_1_179' title='bbox 1782 2199 1978 2247; x_wconf 90' lang='lat' dir='ltr'>bonum</span> 
     </span>
     <span class='ocr_line' id='line_1_30' title="bbox 379 2265 1977 2330; baseline 0.001 -18"><span class='ocrx_word' id='word_1_180' title='bbox 379 2271 652 2330; x_wconf 85' lang='lat' dir='ltr'>pastorem,</span> <span class='ocrx_word' id='word_1_181' title='bbox 696 2265 816 2329; x_wconf 88' lang='lat' dir='ltr'>quia</span> <span class='ocrx_word' id='word_1_182' title='bbox 855 2265 962 2330; x_wconf 81' lang='lat' dir='ltr'>ipse</span> <span class='ocrx_word' id='word_1_183' title='bbox 1002 2266 1300 2314; x_wconf 88' lang='lat' dir='ltr'>mirabiliter</span> <span class='ocrx_word' id='word_1_184' title='bbox 1341 2267 1634 2314; x_wconf 86' lang='lat' dir='ltr'>inimicatur</span> <span class='ocrx_word' id='word_1_185' title='bbox 1672 2268 1745 2315; x_wconf 92' lang='lat' dir='ltr'>Io.</span> <span class='ocrx_word' id='word_1_186' title='bbox 1786 2267 1881 2314; x_wconf 85' lang='lat' dir='ltr'>R.:</span> <span class='ocrx_word' id='word_1_187' title='bbox 1924 2272 1977 2313; x_wconf 92' lang='lat' dir='ltr'>et</span> 
     </span>
     <span class='ocr_line' id='line_1_31' title="bbox 380 2333 1978 2397; baseline 0.001 -19"><span class='ocrx_word' id='word_1_188' title='bbox 380 2333 578 2388; x_wconf 89' lang='lat' dir='ltr'>merito,</span> <span class='ocrx_word' id='word_1_189' title='bbox 617 2333 737 2396; x_wconf 90' lang='lat' dir='ltr'>quia</span> <span class='ocrx_word' id='word_1_190' title='bbox 772 2338 874 2380; x_wconf 85' lang='lat' dir='ltr'>stat</span> <span class='ocrx_word' id='word_1_191' title='bbox 911 2350 1002 2397; x_wconf 92' lang='lat' dir='ltr'>pro</span> <span class='ocrx_word' id='word_1_192' title='bbox 1037 2333 1284 2381; x_wconf 86' lang='lat' dir='ltr'>facultate</span> <span class='ocrx_word' id='word_1_193' title='bbox 1320 2351 1423 2381; x_wconf 86' lang='lat' dir='ltr'>sua.</span> <span class='ocrx_word' id='word_1_194' title='bbox 1504 2333 1643 2389; x_wconf 80' lang='lat' dir='ltr'>Quia</span> <span class='ocrx_word' id='word_1_195' title='bbox 1681 2334 1755 2381; x_wconf 92' lang='lat' dir='ltr'>Io.</span> <span class='ocrx_word' id='word_1_196' title='bbox 1795 2334 1860 2381; x_wconf 87' lang='lat' dir='ltr'>R.</span> <span class='ocrx_word' id='word_1_197' title='bbox 1901 2338 1978 2380; x_wconf 87' lang='lat' dir='ltr'>est</span> 
     </span>
     <span class='ocr_line' id='line_1_32' title="bbox 380 2399 1977 2463; baseline 0.001 -17"><span class='ocrx_word' id='word_1_198' title='bbox 380 2399 614 2447; x_wconf 83' lang='lat' dir='ltr'>inimicus</span> <span class='ocrx_word' id='word_1_199' title='bbox 640 2400 1021 2463; x_wconf 88' lang='lat' dir='ltr'>Theologorum</span> <span class='ocrx_word' id='word_1_200' title='bbox 1042 2417 1051 2447; x_wconf 72' lang='grc' dir='ltr'><strong><em>ε</em></strong></span> <span class='ocrx_word' id='word_1_201' title='bbox 1089 2401 1176 2448; x_wconf 86' lang='lat' dir='ltr'>sed</span> <span class='ocrx_word' id='word_1_202' title='bbox 1202 2401 1277 2448; x_wconf 88' lang='lat' dir='ltr'>M.</span> <span class='ocrx_word' id='word_1_203' title='bbox 1306 2407 1478 2448; x_wconf 81' lang='lat' dir='ltr'>noster</span> <span class='ocrx_word' id='word_1_204' title='bbox 1496 2402 1682 2449; x_wconf 85' lang='lat' dir='ltr'>Petrus</span> <span class='ocrx_word' id='word_1_205' title='bbox 1708 2407 1784 2448; x_wconf 88' lang='lat' dir='ltr'>est</span> <span class='ocrx_word' id='word_1_206' title='bbox 1809 2401 1854 2447; x_wconf 87' lang='lat' dir='ltr'>T</span> <span class='ocrx_word' id='word_1_207' title='bbox 1858 2400 1977 2447; x_wconf 93' lang='lat' dir='ltr'>heo-</span> 
     </span>
     <span class='ocr_line' id='line_1_33' title="bbox 378 2466 1979 2531; baseline 0 -18"><span class='ocrx_word' id='word_1_208' title='bbox 378 2466 555 2531; x_wconf 88' lang='lat' dir='ltr'>logus:</span> <span class='ocrx_word' id='word_1_209' title='bbox 591 2482 726 2530; x_wconf 89' lang='lat' dir='ltr'>ergo.</span> <span class='ocrx_word' id='word_1_210' title='bbox 800 2466 876 2514; x_wconf 89' lang='lat' dir='ltr'>Et</span> <span class='ocrx_word' id='word_1_211' title='bbox 904 2473 980 2514; x_wconf 89' lang='lat' dir='ltr'>est</span> <span class='ocrx_word' id='word_1_212' title='bbox 1009 2468 1139 2515; x_wconf 89' lang='lat' dir='ltr'>bene</span> <span class='ocrx_word' id='word_1_213' title='bbox 1168 2467 1385 2524; x_wconf 84' lang='lat' dir='ltr'>licitum,</span> <span class='ocrx_word' id='word_1_214' title='bbox 1411 2468 1550 2531; x_wconf 89' lang='lat' dir='ltr'>quod</span> <span class='ocrx_word' id='word_1_215' title='bbox 1582 2485 1715 2515; x_wconf 86' lang='lat' dir='ltr'>unus</span> <span class='ocrx_word' id='word_1_216' title='bbox 1747 2467 1979 2515; x_wconf 88' lang='lat' dir='ltr'>defendit</span> 
     </span>
     <span class='ocr_line' id='line_1_34' title="bbox 379 2533 1980 2582; baseline 0 -2"><span class='ocrx_word' id='word_1_217' title='bbox 379 2533 680 2581; x_wconf 85' lang='lat' dir='ltr'>facultatem</span> <span class='ocrx_word' id='word_1_218' title='bbox 711 2550 868 2582; x_wconf 88' lang='lat' dir='ltr'>suam.</span> <span class='ocrx_word' id='word_1_219' title='bbox 943 2533 1120 2581; x_wconf 85' lang='lat' dir='ltr'>Etiam</span> <span class='ocrx_word' id='word_1_220' title='bbox 1157 2534 1226 2581; x_wconf 90' lang='lat' dir='ltr'>D.</span> <span class='ocrx_word' id='word_1_221' title='bbox 1268 2535 1487 2582; x_wconf 81' lang='lat' dir='ltr'>Iacobus</span> <span class='ocrx_word' id='word_1_222' title='bbox 1523 2535 1587 2581; x_wconf 94' lang='lat' dir='ltr'>de</span> <span class='ocrx_word' id='word_1_223' title='bbox 1625 2535 1980 2582; x_wconf 86' lang='lat' dir='ltr'>Hochstraten</span> 
     </span>
     <span class='ocr_line' id='line_1_35' title="bbox 382 2600 1980 2664; baseline 0 -17"><span class='ocrx_word' id='word_1_224' title='bbox 382 2601 454 2647; x_wconf 93' lang='lat' dir='ltr'>M.</span> <span class='ocrx_word' id='word_1_225' title='bbox 496 2608 555 2647; x_wconf 73' lang='lat' dir='ltr'>nr</span> <span class='ocrx_word' id='word_1_226' title='bbox 591 2607 643 2648; x_wconf 89' lang='lat' dir='ltr'>et</span> <span class='ocrx_word' id='word_1_227' title='bbox 679 2601 867 2649; x_wconf 84' lang='lat' dir='ltr'>haeret.</span> <span class='ocrx_word' id='word_1_228' title='bbox 900 2617 1003 2664; x_wconf 90' lang='lat' dir='ltr'>pra.</span> <span class='ocrx_word' id='word_1_229' title='bbox 1039 2600 1320 2664; x_wconf 82' lang='lat' dir='ltr'>Inquisitor</span> <span class='ocrx_word' id='word_1_230' title='bbox 1345 2618 1450 2649; x_wconf 93' lang='lat' dir='ltr'>non</span> <span class='ocrx_word' id='word_1_231' title='bbox 1475 2602 1631 2649; x_wconf 88' lang='lat' dir='ltr'>habet</span> <span class='ocrx_word' id='word_1_232' title='bbox 1668 2602 1855 2649; x_wconf 88' lang='lat' dir='ltr'>bonam</span> <span class='ocrx_word' id='word_1_233' title='bbox 1880 2601 1980 2648; x_wconf 86' lang='lat' dir='ltr'>for-</span> 
     </span>
     <span class='ocr_line' id='line_1_36' title="bbox 378 2667 1980 2723; baseline 0.001 -9"><span class='ocrx_word' id='word_1_234' title='bbox 378 2673 563 2715; x_wconf 88' lang='lat' dir='ltr'>tunam</span> <span class='ocrx_word' id='word_1_235' title='bbox 589 2667 640 2715; x_wconf 93' lang='lat' dir='ltr'>in</span> <span class='ocrx_word' id='word_1_236' title='bbox 665 2684 816 2715; x_wconf 84' lang='lat' dir='ltr'>eausa</span> <span class='ocrx_word' id='word_1_237' title='bbox 844 2667 976 2715; x_wconf 87' lang='lat' dir='ltr'>fidei.</span> <span class='ocrx_word' id='word_1_238' title='bbox 1049 2668 1188 2723; x_wconf 81' lang='lat' dir='ltr'>Quia</span> <span class='ocrx_word' id='word_1_239' title='bbox 1217 2668 1300 2715; x_wconf 84' lang='lat' dir='ltr'>isti</span> <span class='ocrx_word' id='word_1_240' title='bbox 1331 2668 1593 2716; x_wconf 88' lang='lat' dir='ltr'>Curtisani</span> <span class='ocrx_word' id='word_1_241' title='bbox 1629 2685 1764 2715; x_wconf 85' lang='lat' dir='ltr'>nune</span> <span class='ocrx_word' id='word_1_242' title='bbox 1802 2683 1980 2715; x_wconf 89' lang='lat' dir='ltr'>omnes</span> 
     </span>
     <span class='ocr_line' id='line_1_37' title="bbox 379 2734 1980 2799; baseline 0.001 -18"><span class='ocrx_word' id='word_1_243' title='bbox 379 2734 562 2782; x_wconf 88' lang='lat' dir='ltr'>volunt</span> <span class='ocrx_word' id='word_1_244' title='bbox 598 2751 704 2782; x_wconf 85' lang='lat' dir='ltr'>esse</span> <span class='ocrx_word' id='word_1_245' title='bbox 740 2741 937 2799; x_wconf 79' lang='lat' dir='ltr'>poetae,</span> <span class='ocrx_word' id='word_1_246' title='bbox 975 2740 1027 2782; x_wconf 91' lang='lat' dir='ltr'>et</span> <span class='ocrx_word' id='word_1_247' title='bbox 1070 2734 1138 2782; x_wconf 83' lang='lat' dir='ltr'>sie</span> <span class='ocrx_word' id='word_1_248' title='bbox 1178 2735 1558 2799; x_wconf 89' lang='lat' dir='ltr'>parvipendunt</span> <span class='ocrx_word' id='word_1_249' title='bbox 1596 2735 1888 2799; x_wconf 87' lang='lat' dir='ltr'>Theologos</span> <span class='ocrx_word' id='word_1_250' title='bbox 1927 2740 1980 2782; x_wconf 93' lang='lat' dir='ltr'>et</span> 
     </span>
    </p>
   </div>
   <div class='ocr_carea' id='block_1_13' title="bbox 379 2860 1983 3186">
    <p class='ocr_par' dir='ltr' id='par_1_13' title="bbox 379 2860 1983 3095">
     <span class='ocr_line' id='line_1_38' title="bbox 427 2860 1814 2909; baseline 0.001 -14"><span class='ocrx_word' id='word_1_251' title='bbox 427 2860 452 2879; x_wconf 83' lang='lat'>¹⁹</span> <span class='ocrx_word' id='word_1_252' title='bbox 470 2863 601 2895; x_wconf 76' lang='lat' dir='ltr'>Pontii.</span> <span class='ocrx_word' id='word_1_253' title='bbox 652 2861 834 2907; x_wconf 86' lang='lat' dir='ltr'>Probably</span> <span class='ocrx_word' id='word_1_254' title='bbox 859 2873 880 2895; x_wconf 84' lang='lat' dir='ltr'>a</span> <span class='ocrx_word' id='word_1_255' title='bbox 905 2861 1143 2909; x_wconf 83' lang='lat' dir='ltr'>pseudonym.</span> <span class='ocrx_word' id='word_1_256' title='bbox 1262 2860 1290 2880; x_wconf 72' lang='lat'>²³</span> <span class='ocrx_word' id='word_1_257' title='bbox 1306 2865 1511 2906; x_wconf 77' lang='lat' dir='ltr'>antiquam:</span> <span class='ocrx_word' id='word_1_258' title='bbox 1536 2864 1587 2896; x_wconf 80' lang='lat' dir='ltr'>i.e.</span> <span class='ocrx_word' id='word_1_259' title='bbox 1607 2862 1814 2896; x_wconf 77' lang='lat' dir='ltr'>scholastic-</span> 
     </span>
     <span class='ocr_line' id='line_1_39' title="bbox 380 2907 1981 2954; baseline 0 -13"><span class='ocrx_word' id='word_1_260' title='bbox 380 2908 566 2952; x_wconf 81' lang='lat' dir='ltr'>Bebelius,</span> <span class='ocrx_word' id='word_1_261' title='bbox 601 2909 639 2942; x_wconf 88' lang='lat' dir='ltr'>in</span> <span class='ocrx_word' id='word_1_262' title='bbox 673 2908 729 2942; x_wconf 86' lang='lat' dir='ltr'>his</span> <span class='ocrx_word' id='word_1_263' title='bbox 763 2908 932 2952; x_wconf 82' lang='lat' dir='ltr'>diatribe,</span> <span class='ocrx_word' id='word_1_264' title='bbox 965 2909 1144 2942; x_wconf 83' lang='lat' dir='ltr'>“Contra</span> <span class='ocrx_word' id='word_1_265' title='bbox 1262 2908 1274 2927; x_wconf 84' lang='lat'>¹</span> <span class='ocrx_word' id='word_1_266' title='bbox 1301 2908 1772 2954; x_wconf 40' lang='lat' dir='ltr'>aalma:sieve-maker(?).</span> <span class='ocrx_word' id='word_1_267' title='bbox 1809 2907 1981 2943; x_wconf 85' lang='lat' dir='ltr'>Allusion</span> 
     </span>
     <span class='ocr_line' id='line_1_40' title="bbox 380 2954 1824 3021; baseline 0.001 -33"><span class='ocrx_word' id='word_1_268' title='bbox 380 2954 615 3009; x_wconf 40' lang='lat' dir='ltr'>Epistolandi·</span> <span class='ocrx_word' id='word_1_269' title='bbox 628 2956 759 3020; x_wconf 44' lang='lat' dir='ltr'>modost</span> <span class='ocrx_word' id='word_1_270' title='bbox 771 2956 891 2990; x_wconf 79' lang='lat' dir='ltr'>Pontii</span> <span class='ocrx_word' id='word_1_271' title='bbox 905 2960 942 2990; x_wconf 83' lang='lat' dir='ltr'>et</span> <span class='ocrx_word' id='word_1_272' title='bbox 954 2955 1145 3017; x_wconf 51' lang='lat' dir='ltr'>alior’umst</span> <span class='ocrx_word' id='word_1_273' title='bbox 1216 2956 1416 3021; x_wconf 57' lang='lat' dir='ltr'>unsknown.</span> <span class='ocrx_word' id='word_1_274' title='bbox 1817 3003 1824 3010; x_wconf 36' lang='grc' dir='ltr'>ι</span> 
     </span>
     <span class='ocr_line' id='line_1_41' title="bbox 379 3002 1983 3095; baseline 0.001 -14"><span class='ocrx_word' id='word_1_275' title='bbox 379 3002 1026 3087; x_wconf 63' lang='lat'>¹¹¹7</span> <span class='ocrx_word' id='word_1_276' title='bbox 1214 3002 1983 3095; x_wconf 46' lang='lat' dir='ltr'>01«fflz‘izvssssssessszssffsss533353‘23353323}</span> 
     </span>
    </p>

    <p class='ocr_par' dir='ltr' id='par_1_14' title="bbox 380 3076 1982 3186">
     <span class='ocr_line' id='line_1_42' title="bbox 427 3076 1982 3142; baseline 0.001 -14"><span class='ocrx_word' id='word_1_277' title='bbox 427 3094 454 3112; x_wconf 85' lang='lat'>²⁰</span> <span class='ocrx_word' id='word_1_278' title='bbox 471 3097 713 3138; x_wconf 50' lang='lat' dir='ltr'>reprehensiva</span> <span class='ocrx_word' id='word_1_279' title='bbox 799 3076 876 3131; x_wconf 63' lang='lat' dir='ltr'>b’Jot</span> <span class='ocrx_word' id='word_1_280' title='bbox 944 3095 1143 3131; x_wconf 84' lang='lat' dir='ltr'>elsewhere</span> <span class='ocrx_word' id='word_1_281' title='bbox 1213 3097 1255 3129; x_wconf 84' lang='lat' dir='ltr'>of</span> <span class='ocrx_word' id='word_1_282' title='bbox 1275 3081 1453 3131; x_wconf 72' lang='lat' dir='ltr'>darkness</span> <span class='ocrx_word' id='word_1_283' title='bbox 1479 3097 1564 3141; x_wconf 83' lang='lat' dir='ltr'>gaiu</span> <span class='ocrx_word' id='word_1_284' title='bbox 1587 3097 1651 3131; x_wconf 85' lang='lat' dir='ltr'>the</span> <span class='ocrx_word' id='word_1_285' title='bbox 1673 3096 1868 3142; x_wconf 83' lang='lat' dir='ltr'>mastery.’&#39;</span> <span class='ocrx_word' id='word_1_286' title='bbox 1914 3096 1982 3130; x_wconf 83' lang='lat' dir='ltr'>See</span> 
     </span>
     <span class='ocr_line' id='line_1_43' title="bbox 380 3142 1820 3186; baseline 0.003 -11"><span class='ocrx_word' id='word_1_287' title='bbox 380 3142 505 3176; x_wconf 86' lang='lat' dir='ltr'>found.</span> <span class='ocrx_word' id='word_1_288' title='bbox 1213 3143 1370 3186; x_wconf 85' lang='lat' dir='ltr'>Grimm,</span> <span class='ocrx_word' id='word_1_289' title='bbox 1400 3145 1442 3175; x_wconf 92' lang='lat' dir='ltr'><em>W</em></span> <span class='ocrx_word' id='word_1_290' title='bbox 1443 3145 1621 3178; x_wconf 58' lang='lat' dir='ltr'>mter-buch</span> <span class='ocrx_word' id='word_1_291' title='bbox 1627 3170 1638 3186; x_wconf 86' lang='lat'>,</span> <span class='ocrx_word' id='word_1_292' title='bbox 1657 3155 1720 3177; x_wconf 75' lang='lat' dir='ltr'>s-v.</span> <span class='ocrx_word' id='word_1_293' title='bbox 1741 3145 1820 3180; x_wconf 70' lang='lat' dir='ltr'>Abt.</span> 
     </span>
    </p>
   </div>
   <div class='ocr_carea' id='block_1_14' title="bbox 1140 3203 1235 3244">
    <p class='ocr_par' dir='ltr' id='par_1_15' title="bbox 1140 3203 1235 3244">
     <span class='ocr_line' id='line_1_44' title="bbox 1140 3203 1235 3244; baseline 0 0"><span class='ocrx_word' id='word_1_294' title='bbox 1140 3203 1235 3244; x_wconf 80' lang='lat'>202</span> 
     </span>
    </p>
   </div>
  </div>
 </body>
</html>
