2247 3637
415 264 881 319 EPISTOLAE
941 264 1533 322 OBSCURORUM
1590 266 1998 322 VIRORUM

414 371 681 419 execrabili
718 372 929 428 malicia,
967 380 1092 421 tunc
1133 374 1238 437 ipse
1280 375 1457 421 citavit
1499 391 1583 422 eos
1625 376 1687 421 ad
1730 374 2000 422 Cameram

342 459 380 487 05
414 439 742 502 imperialem,
764 446 816 486 et
840 441 1091 488 dederunt
1116 440 1207 487 sibi
1234 457 1368 488 .xxx.
1393 441 1609 488 florenos
1634 457 1724 505 pro
1750 441 1999 504 expensis,

414 506 551 568 quod
600 506 699 554 suit
746 514 1037 555 contentus.
1142 507 1318 554 Etiam
1374 508 1627 555 Iohannes
1676 507 2001 555 Pfefferkorn

414 579 564 620 natus
591 580 667 620 est
693 573 825 620 bona
850 574 1104 638 progenie,
1134 574 1234 620 Sed
1271 576 1476 636 quando
1507 576 1607 622 fuit
1639 575 1876 629 Iudaeus,
1902 574 2000 621 fuit

415 640 547 686 sicut
572 640 654 687 alii
684 641 873 689 Iudaei.
947 641 1099 695 Quia,
1128 647 1188 687 ut
1221 641 1563 688 communiter
1589 641 1787 689 dicitur.
1863 650 1873 667 ⁴
1893 641 2001 696 Qui

416 713 492 753 est
541 707 673 755 inter
720 708 884 771 lupos,
934 713 1137 771 oportet
1185 707 1382 755 ululare
1423 724 1541 754 eum
1585 708 1746 772 lupis.'
1846 708 2000 756 Nunc

343 799 380 828 τι)
415 780 589 820 autem
634 774 855 822 comedit
903 791 1074 821 carnes
1116 774 1179 821 de
1220 790 1384 837 porca,
1417 781 1469 821 et
1510 775 1633 823 facit
1669 777 1800 822 sicut
1838 776 2001 822 bonus

417 841 778 889 Christianus.”
849 841 997 887 Tune
1023 841 1282 905 respondit
1302 841 1481 888 doctor
1502 843 1742 897 Murne1·;
1770 851 1797 868 ‘⁶
1818 843 2003 890 Come-

414 908 488 954 dit
537 909 859 955 l'fefferkorn
908 908 1063 955 etiam
1110 907 1446 955 farciminaist'
1542 909 1829 973 Respondit
1878 926 2003 973 ego:

414 982 441 1000 ‘⁶
459 974 580 1022 Non
598 975 698 1021 vidi
715 992 833 1022 eum
855 975 1133 1029 comedere,
1152 975 1252 1023 Sed
1269 976 1706 1040 praesupponitur‚
1724 977 1762 1023 si
1780 977 2004 1023 comedit

415 1058 604 1105 porcas,
631 1043 769 1104 quod
805 1042 961 1088 etiam
999 1042 1220 1089 comedit
1257 1041 1341 1089 illa
1377 1060 1506 1105 quae
1544 1043 1675 1091 fiunt
1705 1043 1767 1089 de
1797 1043 2004 1107 porciS.''

345 1134 382 1164 75
416 1109 568 1155 Dixit
605 1108 738 1171 ipse:
778 1110 966 1156 “Bene
1002 1110 1280 1157 excusastis
1316 1110 1599 1156 Iohannem
1637 1110 2004 1163 Pfefferkorn‚”

415 1181 467 1222 et
517 1175 863 1239 interrogavit,
914 1177 952 1223 si
1001 1177 1155 1224 etiam
1203 1177 1368 1224 adhuc
1417 1177 1570 1224 habet
1619 1176 1792 1224 ambas
1842 1193 2000 1224 aures.

417 1243 680 1305 Respondi
710 1243 848 1304 quod
878 1244 1084 1305 quando
1110 1261 1205 1307 ego
1231 1244 1397 1290 adhuc
1423 1243 1495 1290 fui
1522 1244 1780 1299 Coloniae,
1808 1243 2003 1298 habuit,

416 1316 467 1356 et
494 1310 644 1356 credo
677 1311 816 1372 quod
849 1310 1005 1357 etiam
1031 1310 1131 1358 iam
1159 1311 1311 1357 habet
1338 1317 1389 1358 et
1415 1311 1621 1358 habebit
1646 1311 1696 1357 in
1723 1317 2004 1358 aeternum.

417 1377 563 1423 Tunc
612 1377 770 1425 dixit:
832 1378 1000 1440 “quid
1047 1378 1233 1425 tenetis
1293 1379 1355 1425 de
1419 1378 1646 1426 Iohanne
1705 1378 2006 1425 Reuchlin.'’

344 1468 382 1496 30
417 1443 544 1490 Dixi
571 1444 707 1506 quod
735 1462 837 1491 non
862 1445 982 1491 novi
1008 1461 1142 1497 eum,
1170 1446 1256 1493 sed
1290 1445 1390 1492 scio
1426 1445 1553 1492 hene
1579 1445 1717 1507 quod
1756 1444 2006 1508 Theologi

416 1517 468 1557 et
495 1510 726 1558 Ecclesia
751 1512 1094 1559 communiter
1118 1513 1307 1560 habent
1333 1529 1452 1559 eum
1477 1529 1567 1575 pro
1594 1513 1862 1568 haeretico,
1888 1513 2008 1575 quia

417 1577 703 1625 criminavit
747 1578 1030 1626 Iohannem
1074 1579 1396 1627 Pfefferkorn
1433 1586 1484 1625 et
1521 1579 1643 1625 alios
1679 1579 2009 1643 praestantis-

417 1645 570 1691 simos
628 1645 777 1699 viros,
826 1646 977 1693 nullis
1030 1663 1205 1693 eornm
1265 1646 1685 1710 praecedentibus
1733 1646 2005 1694 demeritis.

418 1713 566 1758 Tunc
592 1711 700 1759 risit
726 1719 777 1760 et
803 1713 961 1760 dixit:
1001 1714 1148 1760 “Per
1173 1714 1343 1768 deum,
1371 1730 1458 1759 vos
1496 1713 1624 1760 bene
1661 1714 1840 1769 facitis,
1870 1713 2008 1769 Quia

346 1802 384 1831 35
418 1779 690 1826 defenditis
710 1780 991 1826 Iohannem
1011 1780 1395 1827 I'fefferkornet
1412 1781 1533 1827 alios
1551 1781 2007 1843 praestantissimos

420 1846 594 1893 viros?
666 1848 813 1892 Tune
839 1847 973 1894 dixi:
1000 1855 1027 1872 ‘⁶
1050 1847 1292 1894 Audiatis
1312 1848 1477 1894 adhuc
1503 1847 1645 1910 plus:
1676 1848 1769 1894 Ille
1796 1848 2006 1894 Pfeffer-

419 1913 547 1959 korn
574 1920 650 1960 est
676 1914 821 1960 valde
842 1915 978 1960 utilis
1003 1914 1053 1960 in
1079 1914 1309 1962 Ecclesia
1329 1914 1424 1965 dci,
1445 1915 1563 1976 quia
1583 1914 1772 1961 obtulit
1791 1914 1886 1962 deo
1907 1914 2005 1962 .xii.

421 1981 657 2033 Animas,
718 1986 774 2026 ut
833 1980 1048 2044 ipsemet
1100 1982 1320 2043 ingenue
1372 1982 1610 2028 fatetui·.’'
1719 1982 2008 2045 Respondit

421 2048 600 2094 doctor
644 2048 886 2095 Min-ner:
931 2048 1083 2094 “Ubi
1127 2049 1317 2096 obtulit
1360 2049 1455 2095 deo
1499 2048 1606 2094 illas
1645 2049 1871 2096 animas?
1947 2050 2008 2094 In

350 2136 388 2165 90
422 2114 546 2160 silva
591 2115 900 2161 Bohemica?
943 2116 1061 2178 quia
1093 2116 1303 2162 fortasse
1337 2115 1404 2162 ibi
1440 2132 1557 2162 cum
1591 2115 1697 2162 aliis
1730 2115 2010 2162 latronibus

422 2181 675 2228 interfecit
731 2182 975 2233 homines,
1025 2200 1243 2245 quorum
1303 2183 1501 2229 animae
1560 2189 1899 2245 pervenerunt
1948 2182 2010 2228 ad

420 2249 620 2295 deum.⁷’
692 2249 950 2311 Respondi
972 2267 981 2296 z
1022 2260 1048 2274 ‘⁶
1070 2250 1225 2296 Nullo
1251 2251 1418 2304 modo,
1446 2250 1531 2296 sed
1557 2251 1902 2297 convertendo
1928 2266 2012 2296 eos

422 2316 485 2362 ad
524 2315 673 2361 fidem
703 2315 1089 2363 Cln·istianam.''
1162 2318 1309 2364 Tunc
1347 2317 1450 2380 ipse
1487 2317 1644 2363 dixit:
1685 2317 2011 2372 “Quomodo

423 2389 548 2429 tunc
582 2383 718 2428 scitis
748 2384 884 2444 quod
922 2383 1047 2430 tales
1077 2384 1274 2430 animae
1308 2390 1649 2446 pervenerunt
1683 2385 1744 2431 ad
1779 2384 2011 2430 deum‘ff'

352 2472 389 2499 tr,
430 2449 705 2512 Respondi,
749 2450 886 2510 quod
936 2450 1014 2513 pie
1062 2451 1489 2513 praesumendum
1540 2457 1629 2497 est.
1724 2449 2012 2514 Respondit

427 2518 668 2563 Murner:
713 2517 900 2571 “Quid
935 2534 1054 2579 ergo
1088 2535 1222 2564 nunc
1258 2517 1379 2564 facit
1416 2517 1812 2565 I‘fefferkorn'?”
1888 2515 2011 2563 Dixi

422 2584 559 2646 quod
603 2584 814 2630 fortasse
852 2579 1003 2631 vadit*
1032 2584 1094 2630 ad
1138 2584 1420 2631 Ecclesiam
1461 2584 1713 2631 audiendo
1750 2585 1924 2631 missas
1962 2589 2014 2629 et

425 2668 679 2698 sermones
716 2650 788 2696 Et
826 2651 1146 2697 defendendo
1172 2669 1222 2697 se
1249 2658 1426 2698 contra
1468 2651 1727 2697 [ohannen
1758 2650 2013 2697 Reuchlin

425 2724 664 2781 expectat
699 2718 833 2764 diem
871 2719 1081 2765 extremi
1123 2718 1305 2764 iudicii.
1382 2718 1670 2780 Respondit
1704 2718 1813 2765 ille:
1853 2717 2015 2763 “Erit

336 2804 392 2833 100
426 2792 549 2831 tunc
579 2785 897 2831 l’l'ef‘l'erkorn
924 2785 994 2831 ita
1019 2785 1105 2831 diu
1133 2786 1180 2831 in
1209 2786 1312 2831 vita
1331 2788 1346 2832 ’ἒ
1368 2786 1391 2799 ”
1462 2785 1608 2830 Tune
1634 2784 1754 2837 dixi,
1781 2784 1919 2847 quod
1947 2783 2013 2830 sic

426 2853 593 2914 quoad
632 2852 870 2903 animani,
909 2853 994 2899 sed
1033 2869 1133 2898 non
1172 2852 1339 2914 quoad
1377 2868 1570 2914 corpus.
1649 2851 1795 2897 Dixit
1838 2852 2016 2898 doctor

428 2919 668 2965 Murner:
714 2920 900 2965 “Bene
943 2925 1050 2966 est:
1106 2919 1423 2965 I'fell'erkorn
1474 2918 1658 2979 dignus
1708 2924 1783 2964 est
1832 2918 2015 2964 habere

426 2985 581 3031 talem
608 2987 970 3041 defensore1n‚’'
989 2993 1041 3033 et
1061 2986 1252 3032 dimisit
1280 3003 1359 3031 ine
1381 3002 1390 3031 t
1418 2992 1470 3031 et
1496 3001 1671 3031 omnes
1696 2986 1783 3048 qui
1808 2986 2015 3031 fuerunt

473 3089 499 3107 ⁴³⁶
517 3093 695 3123 dederunt.
750 3094 815 3124 Sec
835 3092 856 3124 i.
874 3094 932 3131 36,
953 3103 986 3125 η.
1257 3091 1298 3122 of
1321 3090 1454 3131 having
1480 3091 1676 3123 converted
1705 3090 1872 3124 fourteen
1899 3089 1940 3122 of
1962 3089 2017 3121 his

474 3136 499 3153 ³7
519 3140 580 3168 itii.
638 3137 671 3170 l'.
705 3139 738 3170 in
769 3139 822 3170 his
853 3141 1012 3179 Iussi-usin
1039 3137 1186 3171 boasted
1255 3137 1405 3170 brother
1422 3137 1528 3171 Jews.

1190 3199 1282 3239 138
