2247 3637
285 698 344 728 150

287 1036 344 1066 155

286 1368 344 1398 160

285 1706 344 1736 165

287 2041 346 2073 170

291 2783 348 2813 180

376 306 847 363 EPISTOLAE
910 304 1501 362 OBSCURORUM
1555 303 1965 359 VIRORUM

374 414 535 462 rarii-1:
573 421 626 462 et
652 414 951 478 Philippum
984 414 1266 478 portarium
1291 420 1342 461 et
1369 413 1437 460 sic
1463 413 1526 460 de
1550 411 1657 459 aliis
1682 411 1967 460 secundum

375 481 470 528 sub
517 487 570 529 et
616 498 782 546 supra,
824 499 956 545 quae
996 481 1167 528 omnia
1214 481 1308 528 iste
1355 479 1673 527 illuminatus
1720 485 1773 526 et
1819 478 1967 525 valde

376 548 683 596 scientificus
729 548 1009 596 monachus
1068 548 1260 595 Paulus
1307 546 1538 610 Langius
1586 546 1654 592 sic
1701 544 1969 608 magistra-

375 615 492 663 liter
538 616 736 680 probat,
784 622 844 663 ut
892 616 965 661 W
969 614 1312 679 imphelingus
1359 620 1412 661 et
1459 612 1535 660 sui
1583 611 1816 676 discipuli
1862 628 1966 659 non

377 682 568 731 debent
625 699 788 730 unum
837 683 1051 729 verbum
1099 689 1275 730 contra
1333 680 1576 728 rebellare
1635 680 1721 727 sed
1780 678 1968 726 resistit

378 750 531 797 michi
567 766 699 798 unus
726 749 1230 813 Wimphelingianus
1268 748 1319 794 in
1354 747 1537 795 faciem
1574 753 1627 794 et
1662 745 1793 793 dixit
1829 746 1968 809 quod

378 817 615 864 monachi
651 817 970 864 mentiantur
1005 816 1138 864 sicut
1174 814 1545 863 sceleratissimi
1582 829 1854 877 cauponeS‚
1880 811 1969 876 qui

377 884 560 932 volunt
609 883 874 931 Christum
925 883 1079 930 fuisse
1137 883 1209 930 ita
1266 888 1623 946 portentosum
1682 879 1870 927 animal
1917 886 1970 927 et

378 952 689 999 cucullatam
731 950 962 1005 bestiam,
1006 956 1057 998 et
1099 967 1249 1013 super
1290 966 1372 996 me
1415 947 1717 1013 protestavit
1759 946 1968 994 nomine

380 1018 584 1066 Christi.
659 1019 808 1064 Tunc
833 1017 907 1064 fui
932 1017 1003 1064 ita
1028 1016 1326 1080 perterritus
1350 1016 1489 1080 quod
1516 1014 1769 1079 perminxi
1789 1020 1842 1061 et
1859 1030 1968 1077 per-

379 1085 606 1133 merdavi
643 1101 741 1140 me,
772 1084 911 1148 quod
936 1100 1112 1131 omnes
1149 1101 1329 1131 nasum
1356 1083 1752 1147 praetenebant:
1791 1081 1878 1128 sed
1904 1081 1969 1129 sit

378 1152 641 1216 quomodo
661 1151 740 1207 sit,
758 1168 853 1215 ego
873 1151 970 1198 hoc
989 1150 1202 1198 firmiter
1221 1151 1386 1205 credo,
1403 1150 1541 1214 quod
1561 1165 1739 1197 omnes
1757 1148 1968 1196 tandem

378 1225 529 1266 erunt
553 1225 684 1266 stare
704 1219 915 1266 confuse
940 1218 1019 1265 ’effi
1045 1234 1163 1265 cum
1189 1235 1278 1265 sua
1304 1217 1529 1273 scientia,
1556 1223 1608 1264 et
1632 1216 1798 1263 dicere
1818 1223 1847 1241 ‘⁶
1866 1215 1968 1261 dia-

378 1286 525 1333 bolus
557 1285 784 1350 portavit
815 1285 961 1333 illum
992 1285 1303 1332 monachum
1332 1286 1394 1331 ad
1423 1301 1515 1332 nos
1541 1285 1598 1347 ils
1624 1283 1747 1331 fecit
1772 1298 1893 1330 eum
1917 1281 1969 1328 in

378 1354 619 1401 omnibus
644 1352 903 1401 scibilibus
937 1353 1008 1400 ita
1032 1352 1302 1399 formalem
1326 1358 1380 1399 et
1403 1351 1771 1414 qualificatum.
1846 1349 1968 1405 Quo

377 1428 550 1486 potest
584 1421 681 1468 hoc
718 1436 824 1468 esse
860 1420 956 1467 nisi
997 1437 1086 1484 per
1122 1419 1386 1466 scientiam
1423 1419 1674 1466 infusam:
1711 1417 1831 1481 quia
1865 1433 1970 1464 non

377 1488 523 1536 stetit
563 1487 616 1534 in
652 1487 822 1551 aliqua
857 1486 1204 1541 universitate,
1243 1492 1294 1533 et
1330 1493 1408 1534 est
1443 1486 1608 1534 adhuc
1645 1501 1776 1532 unus
1812 1499 1968 1548 purus

378 1556 598 1604 beanus:
636 1561 688 1602 et
720 1561 898 1601 tamen
931 1554 1060 1601 bene
1086 1554 1223 1601 valet
1256 1553 1665 1617 magistrandum
1699 1551 1779 1599 vel
1813 1551 1969 1599 etiam

378 1623 508 1688 plus,
547 1638 666 1670 cum
708 1621 855 1669 venia
890 1620 1195 1668 eximiorum
1231 1622 1593 1685 magistrorum
1628 1618 1972 1667 nostrorum.”

381 1692 498 1755 Ipse
523 1689 680 1737 etiam
718 1689 943 1736 Thomas
981 1689 1196 1736 Murner
1231 1687 1510 1735 monachus
1536 1694 1588 1735 et
1621 1687 1801 1734 doctor
1837 1684 1969 1733 mul-

377 1764 493 1805 tum
518 1756 717 1804 subtilis
743 1763 794 1804 et
831 1755 987 1803 semel
1023 1755 1297 1803 solenniter
1332 1754 1642 1820 praedicavit
1675 1753 1727 1800 in
1751 1753 1972 1800 ambone

376 1824 516 1889 quod
575 1824 810 1872 Christus
869 1822 1106 1870 dominus
1165 1828 1337 1870 noster
1394 1821 1494 1869 fuit
1551 1820 1860 1869 monachus:
1920 1826 1973 1867 et

378 1891 525 1939 scivit
567 1891 724 1938 etiam
770 1890 971 1938 realiter
1013 1889 1299 1937 defendere.
1374 1888 1475 1936 Sed
1516 1905 1650 1936 unus
1692 1887 1971 1951 discipulus

383 1957 775 2022 Wimphelingii
833 1957 1000 2005 noluit
1059 1956 1258 2004 credere
1316 1956 1367 2003 in
1427 1956 1693 2003 Christum
1753 1954 1791 2002 si
1838 1959 1971 2002 esset

379 2026 659 2074 monachus
694 2032 746 2073 et
782 2024 904 2073 fecit
942 2024 1053 2072 illos
1089 2039 1262 2071 versus
1298 2023 1514 2087 desuper
1532 2040 1611 2070 :—

594 2155 686 2191 Non
707 2167 782 2204 ego
802 2153 935 2190 fallaci
956 2158 1090 2190 tecto:
1120 2152 1209 2189 Tibi
1232 2151 1390 2187 Christe
1412 2150 1553 2188 cuculo

647 2207 894 2244 Crediderim
912 2222 919 2243 ε
950 2212 1060 2244 veste
1082 2207 1156 2243 hac
1177 2205 1283 2242 fraus
1304 2208 1537 2254 tegiturque
1558 2204 1682 2242 dolus.

593 2262 729 2311 Atque
750 2262 893 2310 probat
913 2274 1038 2297 novus
1058 2273 1079 2297 e
1103 2259 1235 2296 Berna
1254 2261 1472 2309 quaesitus,
1494 2258 1693 2303 habenda,

650 2316 895 2359 Franciscus,
917 2314 1122 2351 monachis
1142 2319 1294 2363 quanta
1314 2315 1378 2357 sit,
1398 2315 1497 2362 ipse,
1519 2312 1629 2351 fides.

380 2434 480 2482 Sed
505 2434 630 2497 quid
667 2434 730 2480 ad
766 2433 860 2480 hoc
885 2432 1024 2495 quod
1061 2447 1165 2478 non
1200 2431 1314 2478 vult
1352 2430 1536 2478 crede'fx
1564 2436 1690 2478 tunc
1726 2430 1822 2477 erit
1858 2429 1972 2476 hae-

378 2502 580 2558 reticus,
619 2500 750 2548 sicut
791 2499 874 2547 alii
909 2498 998 2562 qui
1035 2497 1361 2546 condemnati
1404 2503 1524 2544 sunt
1561 2513 1679 2544 cum
1715 2496 1973 2544 Reuchlin

379 2570 431 2616 in
457 2567 710 2616 Parrhisia
733 2573 785 2615 et
812 2566 1026 2614 Colonia
1051 2572 1104 2612 et
1128 2565 1180 2612 in
1206 2565 1314 2612 aliis
1343 2563 1792 2612 Universitatibus.
1867 2563 1974 2610 Oro

379 2636 536 2685 etiam
573 2651 662 2682 Vos
698 2641 759 2683 ut
794 2633 959 2681 velitis
996 2632 1152 2680 etiam
1194 2631 1382 2679 librum
1424 2647 1611 2695 ponere
1653 2630 1763 2677 illos
1801 2645 1975 2677 versus

380 2719 508 2766 quos
551 2719 647 2766 ego
688 2702 740 2749 in
781 2701 988 2748 laudem
1030 2699 1143 2746 libri
1181 2704 1232 2746 et
1269 2697 1512 2751 authoriS‚
1551 2696 1787 2744 videlicet
1825 2696 1974 2743 Pauli

381 2770 568 2834 Langii
611 2768 863 2823 monachi,
908 2783 1025 2815 cum
1068 2781 1255 2829 magna
1303 2763 1568 2827 diligentia
1608 2764 1878 2827 compositi
1921 2769 1973 2811 et

380 2853 471 2900 pro
512 2836 688 2884 maiori
736 2842 880 2899 parte
921 2833 1128 2897 quando
1172 2832 1234 2878 de
1276 2837 1427 2878 nocte
1475 2830 1604 2877 iacui
1652 2831 1702 2877 in
1745 2830 1880 2878 lecto
1922 2837 1975 2878 et

379 2903 449 2951 sic
485 2903 756 2967 speculavi‚
794 2909 918 2950 tunc
954 2899 1097 2964 quasi
1140 2899 1191 2945 in
1232 2898 1422 2945 somnis
1463 2898 1630 2945 factus
1673 2913 1787 2945 sum
1823 2897 1975 2945 versi-

379 2971 559 3018 ficator
584 2977 643 3018 ut
669 2969 910 3033 sequitur.

425 3085 466 3106 ²⁶⁵
492 3090 651 3121 Marmor.
703 3088 769 3121 See
787 3087 822 3121 ii.
842 3086 876 3129 3,
896 3098 930 3119 n.
1212 3081 1330 3115 hands
1344 3081 1400 3161 {f
1426 3081 1490 3116 the
1519 3081 1747 3116 heresiarchs
1776 3081 1818 3115 of
1843 3081 1975 3115 Berue-

1213 3130 1281 3162 See
1299 3129 1320 3161 i.
1340 3135 1361 3160 ἱ,
1387 3154 1395 3170 ,
1415 3140 1447 3162 71.

428 3175 679 3211 17“Ι”)·(ι)ιι·ι”κ..·
732 3179 786 3211 120.
831 3177 956 3210 Jetzer
996 3180 1035 3209 at
1080 3174 1144 3208 the
1263 3174 1304 3194 ¹⁸⁰
1330 3186 1434 3217 comp.
1449 3187 1461 3209 .·
1479 3175 1535 3208 for
1552 3178 1735 3217 composui.

1141 3236 1237 3278 268
