2912 4368
731 991 769 1019 15

728 1324 766 1353 20

726 1655 764 1684 25

723 1996 760 2024 30

720 2330 759 2359 35

721 2668 759 2695 40

722 2974 759 3002 45

804 727 1274 783 EPISTOLAE
1338 726 1928 784 OBSCURORUM
1984 727 2391 783 VIRORUM

802 835 883 882 hic
920 835 1112 883 multos
1147 836 1386 891 fautores,
1430 835 1585 883 etiam
1627 834 1837 890 nobiles,
1881 841 1933 881 et
1975 835 2171 881 vadunt
2212 836 2393 883 armati

802 903 932 949 sicut
959 903 1188 958 bufones,
1215 919 1333 950 cum
1359 902 1522 965 longis
1546 901 1725 963 gladiis
1751 901 1800 947 in
1826 901 2018 965 plateis.
2095 902 2194 948 Sed
2219 908 2393 949 tamen

803 986 897 1031 ego
924 969 1027 1016 dixi
1054 971 1191 1032 quod
1217 987 1319 1016 non
1345 976 1421 1016 est
1448 974 1663 1022 rectum,
1690 969 1810 1030 quia
1835 969 2030 1015 debetis
2056 974 2233 1015 notare
2253 969 2391 1032 quod

801 1036 896 1083 iste
915 1043 1096 1099 poetae
1122 1037 1397 1083 saeculares
1423 1035 1588 1081 adhuc
1614 1034 1803 1082 facient
1821 1035 2010 1082 multas
2028 1052 2249 1098 guerras,
2272 1052 2390 1082 cum

802 1102 901 1149 suis
951 1103 1139 1158 metris,
1185 1104 1223 1149 si
1272 1101 1500 1164 magistri
1548 1102 1707 1148 nostri
1755 1119 1858 1149 non
1907 1102 2170 1149 habebunt
2216 1102 2393 1149 adver-

798 1170 1033 1225 tentiam,
1071 1177 1121 1217 et
1158 1186 1260 1215 non
1298 1168 1531 1215 citabunt
1566 1184 1649 1215 eos
1685 1186 1772 1232 per
1813 1170 2117 1233 magistrum
2158 1176 2391 1216 nostrum

801 1236 1049 1284 Iacobum
1077 1237 1139 1283 de
1165 1236 1518 1283 Hochstraten
1544 1236 1607 1282 ad
1635 1236 1826 1283 curiam
1853 1253 2132 1283 romanam.
2196 1237 2270 1283 Et
2295 1252 2390 1299 ego

798 1304 957 1351 timeo
1004 1304 1141 1366 quod
1189 1303 1284 1350 erit
1331 1319 1493 1349 unum
1541 1319 1789 1367 magnum
1837 1304 2144 1350 disturbium
2192 1302 2243 1349 in
2291 1304 2390 1350 fide

799 1370 1060 1418 catholica.

900 1439 1051 1499 Rogo
1107 1436 1262 1499 igitur
1310 1453 1398 1483 vos
1450 1436 1586 1498 quod
1644 1437 1808 1484 velitis
1865 1453 2171 1501 componere
2226 1454 2388 1484 unum

796 1503 985 1551 librum
1016 1510 1190 1550 contra
1215 1503 1374 1550 istum
1408 1504 1870 1559 scandalizatorem,
1898 1510 1949 1551 et
1982 1504 2182 1551 realiter
2206 1521 2389 1551 vexare

797 1588 929 1618 eum.
1026 1571 1174 1617 Tunc
1221 1577 1399 1634 postea
1445 1586 1549 1617 non
1598 1572 1693 1618 erit
1744 1571 1815 1617 ita
1863 1571 2030 1618 audax
2079 1571 2218 1633 quod
2266 1571 2388 1619 velit

796 1638 1056 1685 stimulare
1113 1638 1381 1700 magistros
1437 1644 1653 1693 nostros,
1710 1638 1828 1700 quia
1876 1639 1981 1701 ipse
2037 1644 2113 1684 est
2173 1638 2388 1701 simplex

795 1704 975 1760 socius,
1004 1711 1056 1752 et
1081 1721 1247 1767 neque
1272 1712 1348 1751 est
1376 1711 1640 1768 promotus
1666 1721 1834 1767 neque
1858 1704 2178 1768 qualificatus
2203 1704 2254 1751 in
2275 1705 2388 1767 jure

793 1772 875 1819 vel
900 1772 950 1818 in
976 1771 1183 1826 artibus,
1204 1772 1436 1835 quamvis
1462 1771 1606 1819 stetit
1630 1771 1681 1818 in
1710 1772 1955 1828 Bononia,
1976 1773 2063 1819 ubi
2089 1772 2244 1819 etiam
2270 1779 2390 1820 sunt

793 1838 945 1886 multi
970 1845 1150 1902 poetae
1175 1838 1467 1894 saeculares,
1494 1856 1598 1886 non
1621 1839 1771 1886 zelosi
1797 1846 1847 1887 et
1874 1840 1925 1886 in
1951 1839 2049 1885 fide
2075 1839 2362 1886 illuminati.

896 1907 1011 1969 lpse
1047 1923 1210 1970 nuper
1245 1906 1373 1953 sedit
1410 1907 1462 1953 in
1498 1923 1673 1953 mensa
1709 1913 1761 1953 et
1802 1906 1931 1954 dixit
1975 1906 2112 1968 quod
2155 1906 2387 1970 magistri

793 1973 952 2019 nostri
987 1973 1037 2020 in
1071 1973 1285 2020 Colonia
1317 1979 1368 2020 et
1403 1973 1656 2020 Parrhisia
1688 1973 1885 2021 faciunt
1919 1973 2155 2020 iniuriam
2187 1973 2385 2021 doctori

793 2040 1067 2095 Reuchlin,
1093 2047 1144 2087 et
1178 2058 1272 2103 ego
1305 2040 1449 2087 tenui
1482 2040 1527 2087 ei
1560 2041 1883 2104 oppositum:
1920 2047 2045 2087 tunc
2072 2041 2278 2088 vexavit
2303 2058 2387 2088 me

793 2107 971 2154 multis
1009 2107 1153 2154 malis
1190 2107 1355 2154 verbis
1393 2114 1443 2154 et
1480 2108 1799 2163 scandalosiS,
1837 2108 1975 2170 quod
2012 2107 2085 2154 fui
2122 2107 2194 2155 ita
2229 2107 2386 2155 iratus

793 2175 931 2237 quod
965 2174 1158 2221 surrexi
1192 2175 1254 2221 de
1287 2191 1477 2229 mensa,
1511 2181 1563 2221 et
1596 2175 1876 2238 protestavi
1911 2191 2081 2221 coram
2114 2191 2290 2222 omnes
2323 2176 2386 2222 de

793 2240 1001 2295 iniuriis,
1029 2248 1080 2288 et
1107 2258 1208 2287 11011
1234 2241 1380 2305 potui
1409 2242 1673 2289 comedere
1699 2259 1855 2288 unam
1883 2242 2178 2289 buccellam.

894 2309 1000 2354 Vos
1026 2308 1221 2356 debetis
1247 2308 1371 2355 mihi
1397 2309 1515 2355 dare
1541 2309 1808 2356 consilium
1833 2310 1884 2356 in
1912 2309 2200 2373 supradicta
2221 2326 2384 2365 causa,

792 2375 911 2438 quia
935 2375 1089 2422 etiam
1115 2392 1205 2439 pro
1231 2382 1372 2438 parte
1398 2376 1518 2423 estis
1536 2375 1732 2438 jurista.

893 2442 1009 2505 Ego
1044 2442 1315 2506 compilavi
1348 2443 1517 2505 aliqua
1550 2449 1715 2490 metra
1753 2460 1883 2505 quae
1923 2442 2077 2489 mitto
2111 2443 2253 2490 vobis
2286 2443 2380 2490 hic.

796 2508 1199 2564 Choriamhiesnm‚
1260 2510 1646 2560 Heoecmeetrmn.
1719 2510 2033 2573 &zpphicmm
2094 2509 2381 2566 Iamba-mn,

791 2576 1206 2639 A.s·(·lepi(t(liem)2,
1262 2576 1728 2640 Enclecasgsllabnm,
1783 2576 2097 2641 Elegiacmn,
2148 2577 2381 2632 Dicolon,

790 2642 1135 2706 Di.3·t7'()plenm.

791 2749 871 2794 Qui
893 2755 953 2785 est
974 2751 1101 2785 bonus
1122 2750 1355 2792 catholicus,
1413 2750 1538 2786 debet
1559 2753 1708 2786 sentire
1730 2764 1821 2786 cum
1846 2749 2193 2795 Pari-hidensibus,

792 2804 897 2848 Quia
917 2803 1015 2839 illud
1036 2807 1300 2852 gymnasium,
1359 2809 1420 2839 est
1441 2809 1571 2840 mater
1590 2807 1768 2840 omnium
1790 2805 2110 2840 universitatum.

792 2857 953 2893 Deinde
976 2857 1137 2893 Colonia
1158 2863 1309 2900 sancta,
1366 2870 1467 2905 quae
1490 2863 1551 2894 cst
1571 2860 1609 2893 in
1633 2858 1709 2894 fide
1733 2858 1959 2893 Christiana
1979 2861 2104 2899 tanta,

792 2911 910 2955 Quod
934 2911 1066 2946 nullus
1086 2911 1210 2947 debet
1230 2912 1519 2955 contradicere,
1578 2912 1640 2947 vel
1662 2914 1806 2948 merito
1828 2924 1974 2960 penam
1996 2911 2120 2955 luere,

791 2964 903 3001 Sicut
925 2965 1121 3001 Reuclilin
1143 2964 1293 3011 doctor,
1354 2968 1417 3013 qui
1440 2970 1501 3001 est
1522 2965 1673 3014 speculi
1695 2965 1862 3001 ocularis
1882 2970 2031 3008 auctor,

791 3017 921 3063 Quem
944 3022 1135 3066 magister
1156 3023 1289 3054 noster
1309 3017 1532 3065 Tungarus,
1590 3020 1774 3068 probavit
1794 3018 1899 3068 quod
1923 3024 1983 3054 est
2005 3018 2245 3059 haereticus,

791 3072 960 3109 Necnon
981 3076 1171 3122 magister
1192 3072 1242 3108 de
1266 3072 1359 3108 Alta
1382 3072 1525 3120 platea,
1584 3075 1651 3121 qui
1669 3072 1765 3109 fecit
1786 3073 2019 3108 comburere
2042 3074 2126 3107 eius
2147 3071 2378 3107 dictamina.

837 3183 965 3218 13liic:
1000 3187 1050 3218 isse.
1086 3189 1124 3218 at
1159 3185 1290 3217 Mainz.
1349 3184 1427 3217 'she
1463 3185 1548 3216 I'ni-
1620 3184 1793 3228 versit-xx*
1836 3185 1966 3217 'l'hisis
1985 3184 2146 3228 theonly
2161 3196 2380 3218 occurrence

789 3233 926 3275 vcrsity
946 3244 1013 3264 was
1036 3232 1197 3265 founded
1223 3232 1259 3264 in
1288 3232 1384 3267 1477.
1439 3231 1548 3264 Little
1620 3232 1660 3263 of
1674 3231 1737 3264 the
1758 3231 1852 3264 word
1872 3232 1908 3263 in
1927 3231 1990 3264 the
2014 3232 2049 3263 1⁴1.
2066 3232 2108 3263 0.
2126 3231 2166 3264 V.

790 3279 819 3310 is
844 3280 1017 3312 recorded
1036 3280 1077 3312 of
1097 3281 1142 3312 its
1160 3278 1260 3323 early
1279 3278 1430 3321 history.
1483 3281 1548 3311 Sec
1667 3277 1693 3294 ⁴²
1721 3282 1852 3311 mater:
1887 3279 1922 3310 in
1958 3279 2020 3311 1110
2055 3283 2143 3311 next
2179 3279 2258 3323 Ep„
2292 3278 2376 3311 with

792 3325 979 3367 Raslidall,
1006 3328 1106 3359 Fuir.
1129 3327 1280 3367 ‹gs'l2'nr.,
1302 3326 1335 3357 ii.
1354 3324 1434 3361 272.
1620 3336 1719 3357 mol-c
1739 3325 1915 3369 imulcsty,
1938 3325 2110 3358 “soron’'

839 3370 864 3390 ¹¹³
891 3375 962 3406 iste.
1012 3376 1081 3415 sir,
1102 3374 1138 3405 in
1157 3372 1203 3414 A,
1226 3372 1327 3414 13,st
1666 3371 1690 3388 ⁴⁷
1718 3374 1758 3404 tle
1791 3374 1861 3404 Ast.
1907 3373 1987 3413 plat.
2006 3384 2016 3404 .·
2059 3374 2110 3405 isse.
2146 3384 2214 3404 van
2255 3372 2377 3416 110ος-

837 3417 864 3435 ²⁰
888 3421 1096 3452 (lixum-bium
1112 3432 1122 3453 .·
1148 3420 1211 3453 the
1229 3418 1317 3464 only
1336 3420 1512 3452 instance.
1618 3423 1768 3451 straten.
1853 3418 2065 3451 Reuclilin's
2132 3421 2382 3461 sizzyenxpieyel

838 3464 862 3482 ²⁷
896 3468 1072 3499 Hanania.-
1101 3466 1277 3508 Bologna.
1340 3466 1392 3498 (f.
1425 3466 1460 3498 ii.
1493 3468 1547 3506 59,
1620 3477 1689 3497 was
1723 3464 1885 3509 publicly
1914 3465 2027 3498 burnt
2058 3467 2102 3510 by
2134 3465 2178 3499 H.
2210 3467 2281 3498 and
2314 3466 2377 3499 the

790 3512 815 3528 ‘⁶
832 3512 1020 3545 Ulrichum
1067 3514 1274 3547 Huttenuni
1320 3514 1380 3557 qui
1425 3513 1548 3545 studet
1618 3512 1865 3553 'l'heologians
1884 3516 1920 3544 at
1948 3512 2121 3555 sologne,
2141 3525 2187 3546 on
2216 3512 2298 3546 Feb.
2322 3513 2376 3554 10,

791 3558 1011 3592 Bononiae.”
1622 3560 1721 3600 1514,
1750 3571 1787 3591 as
1819 3559 2042 3602 “offensa-e,
2071 3560 2142 3593 and
2173 3560 2378 3603 danger-ons

836 3604 864 3622 ‘²²
884 3608 1131 3647 1ι],1]))ι)((ι«1’ἰ1(7η.·
1157 3607 1244 3640 here
1269 3606 1402 3651 simply
1422 3606 1449 3623 “
1463 3605 1549 3639 Uni-
1618 3610 1656 3639 to
1675 3605 1866 3648 1·cligion.’'

1553 3667 1615 3708 30
