2247 3637
349 656 386 684 10

347 989 385 1019 15

346 1329 384 1357 :20

341 1996 380 2023 3¹]

342 2329 380 2359 35

426 257 896 315 EPISTOLAE
956 254 1549 313 OBSCURORUM
1606 252 2014 309 VIRORUM

420 368 472 415 in
519 367 601 414 via
646 382 736 430 per
782 365 954 413 omnia
1000 371 1053 413 et
1099 364 1360 429 quomodo
1407 370 1488 411 sto
1529 362 1700 426 quoad
1741 361 2015 410 sanitatem

421 433 641 498 corporis
679 432 860 480 Sciatis
896 433 1035 496 quod
1076 431 1139 479 de
1178 431 1343 496 gratia
1377 430 1458 478 dei
1495 430 1660 477 adhuc
1697 445 1812 476 sum
1848 445 2015 485 sanus,

419 508 473 549 et
514 500 699 549 vellem
740 499 896 548 etiarn
939 499 1001 547 de
1044 498 1186 546 vobis
1232 498 1450 545 libenter
1490 495 1664 544 audire
1709 496 1849 559 quod
1897 496 2017 544 estis

420 584 584 616 sanus.
659 567 761 615 Sed
802 583 961 631 spero,
1006 565 1044 613 si
1088 565 1201 613 vult
1246 564 1484 612 dominus
1531 564 1670 617 deus,
1715 563 1852 626 quod
1896 562 2016 611 estis

420 652 583 683 sanus.
657 635 730 682 Et
766 633 897 682 facio
934 632 1076 680 vobis
1113 638 1298 679 notum
1334 631 1553 694 qualiter
1589 629 1764 677 statim
1807 631 2014 693 quando

420 702 536 750 veni
572 701 635 748 ad
665 700 997 765 lilaguntiam
1025 700 1078 747 in
1102 698 1380 763 hospitium
1408 698 1655 752 Coronae,
1681 703 1807 744 tunc
1843 697 2015 745 inveni

419 769 487 816 ibi
523 769 774 832 quosdam
810 767 943 815 viros
978 766 1067 829 qui
1107 766 1451 830 loquebantur
1491 765 1553 812 de
1592 765 1758 811 Causa
1793 763 1925 821 fidei,
1963 771 2016 812 et

419 842 565 884 erant
600 852 690 900 pro
719 835 946 882 Doctore
971 832 1245 888 Reuchlin,
1272 839 1324 881 et
1359 832 1565 895 quando
1603 831 1840 879 viderunt
1876 832 2015 894 quod

418 919 515 968 ego
574 919 687 950 sum
737 899 1071 956 Coloniensis‚
1119 899 1285 947 adhuc
1346 898 1507 962 magis
1566 898 1910 961 loquebantur
1963 905 2017 946 et

418 970 651 1018 fecerunt
675 969 799 1016 mihi
823 968 876 1015 in
901 967 1215 1031 despectum.
1278 966 1351 1013 Et
1369 965 1707 1013 laudaverunt
1728 965 2014 1013 Iohannem

420 1036 676 1085 Reuchlin
697 1042 749 1083 et
767 1033 1199 1100 parvipenderunt
1218 1032 1495 1097 Magistros
1515 1038 1713 1080 nostros
1729 1032 1781 1079 in
1802 1032 2016 1080 Colonia

418 1110 470 1152 et
503 1103 744 1151 dixerunt
777 1102 916 1166 quod
948 1106 1118 1149 essent
1151 1099 1531 1163 vespertiliones
1559 1100 1649 1164 qui
1674 1099 1799 1147 nihil
1823 1098 2015 1148 habent

417 1187 565 1235 agere
607 1169 659 1216 in
694 1169 824 1225 luce,
861 1169 949 1217 sed
984 1167 1161 1216 volant
1196 1166 1248 1214 in
1282 1166 1520 1223 tenebris,
1557 1173 1610 1214 et
1645 1172 1870 1214 tractant
1908 1166 2013 1213 Ob-

418 1237 699 1285 scuritates.
772 1236 922 1284 Tunc
957 1251 1053 1299 ego
1088 1233 1194 1282 dixi
1231 1233 1539 1281 “Audiatur
1574 1250 1687 1298 pars
1724 1233 1928 1290 altera‚”
1962 1240 2015 1281 et

418 1304 623 1368 alligaui
655 1304 831 1351 Flores
867 1303 1056 1367 legum.
1130 1301 1205 1349 Et
1239 1301 1333 1365 ipsi
1370 1301 1670 1365 inceperunt
1699 1318 1781 1349 me
1820 1300 2015 1348 irritare

418 1372 594 1419 multis
641 1370 787 1418 malis
836 1369 1016 1425 verbis,
1064 1369 1203 1432 quod
1251 1368 1383 1415 dixi:
1446 1368 1650 1424 “Quod
1710 1368 1835 1415 mihi
1894 1385 2013 1416 cum

418 1438 709 1487 Reuchlin?
782 1436 1077 1485 Permitatis
1103 1452 1185 1483 me
1211 1435 1477 1483 comedere
1501 1451 1592 1499 pro
1616 1436 1832 1500 pecunia
1856 1436 2015 1483 mea.”

417 1506 490 1554 Et
525 1505 738 1570 potestis
774 1505 940 1552 dicere
977 1502 1232 1551 “domine
1261 1501 1559 1558 wilhelme,
1587 1519 1676 1550 vos
1712 1502 2014 1552 debuissetis

415 1588 756 1637 perseverasse
814 1578 866 1620 et
925 1571 1167 1619 audacter
1212 1568 1529 1633 respondisse
1576 1569 1737 1633 ipsis.''
1832 1569 2014 1618 Sciatis

343 1663 377 1675 ν
415 1640 554 1703 quod
590 1657 694 1687 non
730 1646 807 1687 est
842 1638 1133 1686 faciendum
1164 1636 1216 1684 in
1245 1637 1343 1684 isto
1371 1636 1497 1684 loco.
1570 1636 1645 1684 Et
1674 1636 1846 1684 audivi
1875 1637 2013 1700 quod

415 1724 577 1772 nuper
623 1722 755 1754 unus
802 1705 854 1753 in
901 1706 999 1754 isto
1040 1704 1261 1768 hospitio
1301 1703 1401 1751 fuit
1442 1720 1708 1768 percussus
1750 1721 1868 1752 cum
1911 1721 2013 1751 uno

416 1790 639 1829 scamno,
666 1773 804 1837 quod
837 1771 1067 1820 defendit
1098 1772 1172 1819 M.
1201 1776 1434 1818 nostrum
1462 1771 1711 1818 Iacobum
1744 1772 1807 1819 de
1835 1771 2013 1819 Hoch-

416 1847 622 1889 straten.
697 1839 835 1897 Quia
881 1840 964 1887 isti
1012 1838 1132 1886 socii
1177 1837 1266 1902 qui
1312 1838 1510 1885 vadunt
1556 1837 1625 1885 ibi
1667 1838 1730 1885 ad
1767 1854 2011 1894 mensam,

415 1914 536 1956 sunt
578 1907 724 1956 valde
758 1906 1022 1962 terribiles,
1060 1911 1112 1953 et
1148 1905 1340 1953 habent
1374 1904 1571 1968 gladios
1612 1911 1665 1952 et
1707 1905 1914 1968 spados:
1960 1911 2013 1952 et

417 1992 549 2023 unus
578 1991 646 2024 ex
680 1975 749 2022 eis
782 1980 860 2022 est
885 1974 1073 2021 Comes
1106 1978 1158 2021 et
1189 1977 1265 2020 est
1294 1971 1478 2035 longus
1507 1972 1583 2019 vir
1611 1978 1663 2019 et
1692 1971 1847 2019 habet
1871 1971 2012 2020 albos

417 2042 607 2090 Crines.
683 2040 789 2106 Ipsi
835 2041 1015 2088 dicunt
1061 2040 1200 2103 quod
1247 2038 1430 2103 accipit
1473 2055 1591 2086 cum
1633 2038 1868 2086 manibus
1911 2039 2012 2087 suis

416 2126 579 2157 unum
620 2108 786 2156 virum
826 2113 1084 2155 armatum
1125 2113 1178 2154 et
1219 2104 1375 2153 iactat
1410 2122 1529 2153 eum
1564 2105 1627 2153 ad
1663 2112 1865 2153 terram.
1938 2107 2013 2154 Et

416 2177 570 2224 habet
609 2176 841 2240 gladium
882 2174 953 2222 ita
993 2174 1207 2238 longum
1247 2172 1378 2220 sicut
1415 2172 1573 2237 gigas.
1647 2173 1871 2228 Quando
1908 2173 2012 2221 vidi

417 2259 552 2299 eum,
593 2249 718 2290 tunc
759 2242 897 2290 tacui
939 2247 992 2289 et
1040 2240 1244 2305 permisi
1292 2256 1376 2288 eos
1418 2239 1571 2303 loqui.
1647 2239 1746 2287 Sed
1789 2239 2011 2304 cogitavi

416 2310 555 2373 quod
597 2309 781 2357 vellem
829 2309 972 2357 vobis
1014 2307 1244 2363 scribere,
1288 2306 1374 2355 sed
1418 2313 1637 2371 protunc
1685 2323 1787 2353 non
1834 2307 2011 2355 statim

416 2376 570 2425 habui
618 2376 879 2424 nuncium.
968 2375 1070 2423 Sed
1117 2375 1324 2438 quando
1372 2374 1487 2421 veni
1534 2374 1597 2421 ad
1646 2374 2009 2430 VVormatiam,

416 2444 719 2492 intravimus
744 2443 807 2491 ad
832 2458 996 2490 unum
1021 2441 1315 2505 hospitium,
1333 2440 1420 2488 ubi
1445 2447 1566 2489 sunt
1590 2440 1741 2488 multi
1761 2441 2009 2497 doctores,

414 2511 502 2574 qui
539 2517 659 2559 sunt
693 2526 963 2559 assessores
1005 2509 1055 2556 in
1099 2508 1298 2556 Iudicio
1325 2509 1580 2556 Camerae.
1656 2507 1736 2554 Ibi
1772 2507 2010 2555 dicebant

462 2657 489 2677 ²⁰
511 2661 598 2693 μίαν.
619 2661 678 2701 ley-
692 2670 703 2692 .·
730 2660 848 2691 J‹'l‹›re.s›
869 2659 979 2700 lcyum
1002 2661 1063 2690 aut
1092 2661 1103 2686 (
1114 2659 1178 2690 'on-
1291 2652 1319 2671 ³⁸
1339 2657 1513 2687 Gamerae.
1588 2654 1665 2688 The
1718 2656 2009 2689 lo'ez'vlaxlsammer-

411 2708 522 2749 gam-ies
539 2708 786 2739 auvtoritatnm
802 2707 900 2747 juri-s·
922 2705 1033 2737 virilis·
1057 2715 1176 2737 sewun·
1239 2702 1385 2744 yerivhl,
1404 2713 1445 2734 01·
1463 2703 1640 2745 Supreme
1659 2703 1773 2735 (¹0urt
1791 2702 1833 2735 of
1851 2701 2009 2745 dus-tice,

414 2756 497 2786 dnm
521 2755 675 2786 ordinem
699 2753 880 2794 Alplmbeti
915 2775 922 2784 .
960 2776 967 2785 .
1003 2777 1011 2785 .
1049 2753 1074 2782 A
1084 2761 1176 2793 ryen.
1243 2748 1446 2791 consisting
1463 2748 1536 2780 ofa
1560 2748 1748 2793 president
1768 2748 1840 2782 aud
1866 2750 2008 2783 sixteen

416 2803 521 2833 Anno
539 2802 621 2832 Am(
631 2802 652 2829 ‘(
660 2801 745 2832 tCX(
754 2800 825 2832 1ΤΙ.
1243 2806 1433 2836 assessors,
1453 2806 1524 2827 was
1541 2795 1621 2829 first
1639 2800 1694 2829 set
1712 2807 1761 2840 up
1779 2796 1815 2829 in
1838 2796 1941 2839 1495,
1960 2807 2007 2830 on

1245 2842 1309 2875 the
1339 2840 1507 2886 proposal
1536 2842 1578 2875 of
1605 2842 1797 2885 Berthold,
1825 2842 1945 2888 Ahbp.
1972 2843 2014 2876 of

463 2925 489 2943 Ὢ
1247 2888 1393 2929 Mainz;
1419 2889 1449 2921 it
1474 2900 1562 2921 soon
1589 2889 1715 2923 ceased
1741 2894 1780 2923 to
1805 2894 1916 2932 meet,
1944 2890 2010 2923 but

463 2936 475 2943 ⁶
506 2928 631 2969 *7³04OE
644 2938 656 2960 ·'
722 2925 833 2983 b1'03'd
846 2945 857 2950 ·
872 2924 1006 2958 SWOl'dS
1025 2935 1034 2966 Ξ
1102 2923 1177 2957 Lat·
1244 2946 1315 2967 was
1333 2935 1479 2969 revived
1496 2939 1534 2969 at
1551 2935 1614 2970 the
1637 2936 1720 2970 Diet
1734 2937 1775 2970 of
1789 2937 2008 2979 Constance,

414 2974 538 3014 Sl'ssll‘a
556 2984 567 3013 ἱ
615 2973 685 3007 Gk·
736 2972 855 3016 0⁷2-an
878 2981 887 3014 3
937 2983 1041 3016 cogn·
1091 2970 1177 3004 W¹tl¹
1248 2982 1351 3023 1507,
1386 2982 1457 3015 and
1498 2982 1594 3016 after
1635 2994 1745 3028 many
1778 2983 2009 3028 wanderings

417 3023 440 3036 ‘⁶
459 3019 600 3063 spadefl
1246 3028 1373 3073 finally
1390 3027 1525 3063 settled
1543 3029 1647 3063 down
1665 3034 1704 3064 at
1723 3029 1899 3064 lVetzlar.
1941 3032 2009 3064 See

461 3075 488 3094 ³⁰
508 3080 633 3110 (mnes.
676 3076 765 3110 This
782 3077 945 3122 gig-antio
963 3076 1034 3110 and
1053 3075 1178 3109 white·
1244 3074 1321 3109 also
1352 3075 1386 3109 J.
1417 3075 1548 3120 Bryce,
1575 3078 1664 3120 Jloly
1693 3079 1825 3111 Roman
1850 3079 2006 3120 Enwire,

413 3124 538 3158 haired
558 3128 671 3158 count
689 3124 753 3157 has
771 3128 838 3158 not
855 3124 947 3158 been
965 3123 1166 3157 identified.
1247 3123 1350 3166 1904,
1371 3134 1404 3167 p.
1423 3124 1502 3156 361.

1175 3183 1269 3225 158

462 2861 488 2880 ²⁷
505 2874 654 2896 mammo.
707 2862 761 2895 (if.
781 2862 817 2895 ii.
836 2863 868 2895 9.
