2247 3637
267 284 321 323 11.
345 284 415 336 65]
683 273 1201 331 BARTHOLUS
1256 273 1482 330 KUTZ

265 384 500 432 insanus:
548 385 686 448 quod
724 384 877 432 laudo
913 384 965 432 in
1002 382 1160 438 vobis,
1197 383 1318 446 quia
1353 383 1615 448 proprium
1653 389 1730 432 est
1766 382 1862 431 illis

265 451 355 515 qui
402 452 573 499 sciunt
619 451 853 499 scientias
899 450 1194 516 prohibitas,
1244 449 1340 496 hoc
1389 457 1466 498 est
1506 450 1768 499 diabolum
1810 449 1863 497 in

267 518 459 566 vitrum
485 518 566 566 vel
602 534 931 582 quocumque
968 517 1223 571 banniare‚
1250 516 1370 580 quia
1406 517 1489 565 isti
1525 523 1585 565 ut
1620 518 1672 565 in
1708 516 1863 582 pluri-

268 601 413 632 mum
456 592 578 633 sunt
618 585 690 633 ita
728 585 889 633 insani
927 584 1251 648 quandoque.
1347 583 1420 631 Et
1462 590 1666 648 oportet
1707 584 1863 632 etiam

267 653 408 715 quod
434 652 536 700 sint
561 652 732 716 spurii,
759 653 892 700 sicut
917 668 1006 698 vos
1033 655 1112 711 (ut
1143 650 1297 698 michi
1329 650 1392 697 ab
1422 651 1665 714 singulari
1699 650 1864 699 amico

269 720 467 767 dictum
504 725 600 778 est)
628 719 784 767 etiam
815 718 962 766 estis:
1000 719 1120 781 quia
1148 718 1220 765 illi
1250 734 1449 782 semper
1478 724 1599 765 sunt
1632 718 1866 765 meliores

269 786 472 833 diabolo
503 786 565 833 ad
598 786 787 850 aliquid
814 785 1152 834 efficiendum.
1228 785 1365 841 Quia
1395 785 1625 832 diabolus
1663 801 1765 833 non
1794 785 1866 832 ita

270 853 489 900 libenter
520 853 804 901 committit
837 870 889 901 se
924 852 1193 917 legittimis
1234 859 1293 899 ut
1333 852 1463 900 sicut
1495 851 1694 916 spuriis,
1732 852 1866 915 [qui]

270 926 392 968 sunt
441 919 765 984 singulariter
811 920 918 985 apti
965 919 1181 967 diabolo.
1268 919 1342 966 Et
1389 919 1427 966 si
1476 919 1642 966 solum
1690 919 1865 967 essetis

270 987 564 1034 monachus.
638 988 786 1034 Tunc
812 987 983 1035 onmia
1008 987 1142 1034 dona
1167 986 1418 1034 haberetis
1448 987 1509 1033 ad
1536 987 1666 1034 hanc
1685 993 1866 1041 artem,

270 1061 324 1102 et
354 1061 480 1101 tunc
511 1054 685 1102 essetis
718 1055 984 1120 egregium
1021 1054 1422 1101 instrumentum
1460 1053 1662 1102 diaboli.
1735 1053 1867 1116 [Ubi

271 1121 408 1169 enim
438 1121 669 1169 diabolus
693 1122 970 1186 pervenire,
999 1121 1079 1168 vel
1109 1121 1300 1184 aliquid
1327 1122 1522 1168 efficere
1551 1137 1654 1167 non
1679 1127 1866 1185 potest,

270 1189 340 1236 ibi
373 1205 572 1253 semper
607 1189 772 1237 mittit
802 1206 957 1237 unam
990 1188 1179 1236 malam
1216 1188 1480 1252 antiquam
1514 1187 1759 1244 vetulam,
1787 1188 1867 1235 vel
1902 1198 1920 1226 2

271 1273 435 1304 unum
483 1256 834 1321 monachum.]
927 1256 1029 1304 Sed
1076 1272 1172 1319 ego
1219 1256 1388 1302 nescio
1429 1261 1604 1303 tamen
1658 1271 1722 1302 an
1760 1254 1868 1302 sitis

273 1323 567 1371 monachus.
643 1323 780 1379 Quia
805 1324 844 1371 si
870 1323 1060 1379 essetis,
1086 1329 1213 1370 tunc
1232 1339 1393 1371 essem
1415 1322 1544 1370 bcne
1564 1328 1868 1371 contentus:

275 1390 413 1447 Quia
453 1391 692 1438 monachi
733 1407 851 1455 prae
899 1390 1006 1438 aliis
1054 1390 1246 1437 habent
1286 1389 1424 1437 illam
1467 1390 1687 1453 gratiam
1729 1389 1869 1453 quod

273 1464 394 1506 sunt
425 1459 648 1522 protervi
680 1458 906 1506 multum
939 1464 992 1506 et
1024 1456 1268 1521 quicquid
1293 1462 1558 1512 conantur,
1584 1457 1680 1504 hoc
1705 1456 1869 1504 facere

272 1525 478 1572 audent.
532 1526 676 1573 Sicut
695 1542 857 1590 nuper
876 1525 1047 1572 audivi
1067 1524 1130 1572 de
1146 1525 1317 1588 aliquo
1336 1523 1425 1587 qui
1444 1530 1658 1571 vocatur
1676 1523 1869 1572 Paulus

274 1593 506 1657 Langius
543 1599 595 1640 et
631 1593 829 1657 scripsit
865 1609 1026 1640 unum
1063 1590 1550 1639 excellentissimum
1588 1596 1870 1638 tractatum

275 1676 393 1707 cum
420 1659 643 1708 versibus
674 1667 850 1707 contra
884 1659 1131 1706 Iacobum
1160 1658 1627 1723 &Vimphelingium
1658 1664 1710 1706 et
1742 1658 1871 1706 bene

273 1727 550 1791 scompisat
586 1744 718 1775 eum.
792 1728 866 1774 Et
901 1726 1058 1774 etiam
1095 1725 1273 1774 dicunt
1310 1725 1373 1773 de
1409 1725 1496 1772 illo
1532 1725 1698 1773 Paulo
1733 1726 1872 1789 quod

274 1811 461 1842 novem
503 1794 668 1842 modis
710 1794 934 1842 cucurrit
974 1792 1149 1852 (Salva
1189 1792 1493 1850 reverentia)
1533 1809 1597 1840 ex
1634 1791 1870 1840 claustro.

274 1861 350 1909 Et
385 1861 628 1925 quicquid
664 1878 818 1909 nemo
854 1867 1068 1909 conatur
1102 1861 1283 1915 facere,
1319 1860 1414 1907 hoc
1450 1859 1555 1924 ipse
1590 1859 1727 1908 facit.
1799 1859 1874 1908 Et

277 1928 424 1976 credo
462 1929 601 1992 quod
643 1929 799 1977 etiam
843 1928 1117 1992 aliquando
1156 1928 1222 1975 sit
1263 1927 1498 1983 insanus;
1535 1933 1588 1974 et
1628 1927 1768 1991 quod
1811 1927 1875 1976 sit

275 1995 485 2060 spurius.
546 1996 782 2044 Tertium
808 2012 871 2043 ex
896 2013 948 2044 se
967 1996 1136 2043 habet.
1198 1995 1272 2042 Et
1297 2011 1393 2059 ego
1419 1994 1700 2058 plurimum
1719 1994 1875 2042 laudo

276 2063 415 2127 quod
464 2064 618 2111 etiam
667 2071 744 2112 est
792 2063 937 2111 nobis
985 2063 1175 2118 similis,
1218 2062 1305 2125 qui
1354 2079 1462 2109 rem
1509 2061 1708 2109 habetis
1757 2078 1875 2109 cum

276 2130 508 2178 diabolo:
547 2131 633 2178 sed
668 2137 896 2179 transeat
931 2130 1026 2178 hoc
1053 2147 1170 2177 cum
1196 2129 1490 2177 reverentia.
1563 2129 1681 2193 Ego
1713 2129 1876 2177 habeo

277 2197 358 2245 hic
416 2214 578 2245 unum
638 2198 864 2246 notabile
911 2204 1165 2262 punctum
1223 2196 1678 2260 Nigromanticum
1736 2197 1876 2261 quod
1910 2211 1928 2239 3

278 2264 422 2312 vobis
440 2265 659 2312 libenter
678 2266 947 2314 manifeste
966 2264 1250 2313 scriberem.
1304 2264 1405 2313 Sed
1425 2280 1521 2328 ego
1541 2265 1715 2319 timeo,
1737 2264 1876 2326 quod

278 2332 484 2395 quando
525 2333 645 2380 estis
686 2332 758 2380 ita
798 2332 1019 2388 insanus,
1061 2337 1186 2378 tunc
1228 2331 1450 2379 famulus
1493 2337 1660 2378 vester
1706 2337 1876 2395 posset

277 2399 418 2446 illam
460 2398 725 2464 epistolam
770 2399 995 2448 invenire
1042 2406 1095 2447 et
1142 2399 1181 2447 si
1229 2398 1437 2462 legeret,
1480 2404 1607 2445 tunc
1644 2397 1876 2445 diabolus

278 2465 614 2514 confunderet
652 2484 734 2514 me
771 2474 822 2515 et
860 2484 1006 2523 eum3
1044 2473 1097 2515 et
1133 2483 1252 2530 ergo
1285 2465 1402 2513 volo
1439 2465 1722 2514 secundum
1759 2481 1876 2512 con-

279 2534 604 2581 suetudinem
631 2551 801 2582 meam
826 2534 1006 2590 facere,
1027 2534 1148 2598 quia
1171 2533 1398 2608 quando·
1402 2533 1566 2580 habeo
1591 2532 1660 2580 sic
1686 2530 1876 2594 aliquid

279 2607 548 2657 secretum,
573 2607 701 2650 tunc
738 2601 901 2650 scribo
926 2618 1077 2677 super
1091 2617 1336 2676 papirum
1362 2599 1467 2648 sine
1492 2605 1797 2653 atmmento,
1824 2604 1876 2646 et

278 2674 405 2715 tunc
431 2685 584 2716 nemo
610 2668 705 2717 scit
734 2669 900 2744 legere
936 2669 1031 2716 nisi
1065 2669 1127 2716 sit
1163 2666 1500 2743 illegittimus.
1573 2666 1646 2713 Et
1672 2682 1792 2729 eigo
1817 2681 1876 2712 eo

280 2749 399 2781 casu
436 2736 487 2782 in
525 2737 927 2799 praesentiarum
952 2736 1095 2784 vobis
1126 2735 1283 2783 etiam
1319 2733 1519 2782 decrevi
1551 2705 1755 2780 facere?
1803 2731 1878 2779 Et

280 2807 357 2848 est
381 2800 506 2849 illud
532 2810 785 2867 punctum
810 2811 870 2852 ut
894 2804 1152 2867 sequitur:

282 2971 449 3018 Credo
474 2969 612 3033 quod
637 2970 766 3017 bene
791 2970 1112 3018 intellexistis
1138 2985 1236 3025 me,
1262 2975 1313 3016 et
1338 2968 1461 3015 haec
1486 2973 1562 3015 est
1587 2967 1800 3015 veritas:
1827 2973 1879 3015 et

331 3065 358 3086 ¹⁸
376 3069 434 3101 ubi
463 3095 470 3102 .
500 3092 507 3099 .
535 3093 542 3100 .
573 3069 787 3102 monachum.
855 3069 952 3102 First
991 3069 1045 3102 in·
1163 3066 1190 3084 ³³
1216 3068 1319 3100 nobis.
1372 3065 1541 3109 Bo‘cking
1557 3071 1725 3112 suggests
1742 3068 1842 3101 vobis.

281 3115 404 3149 serted
423 3115 460 3148 in
479 3115 542 3148 the
560 3114 615 3149 ed.
635 3115 677 3148 of
692 3115 789 3148 1599.
1162 3113 1190 3132 ⁴²⁴
1208 3118 1245 3147 ut
1258 3125 1323 3156 seq.
1339 3125 1351 3146 .·
1376 3113 1487 3158 being
1499 3114 1646 3147 written
1660 3113 1746 3148 with
1762 3114 1878 3159 magio

330 3160 356 3180 ²⁶
374 3164 539 3205 Lanyizffl.
590 3162 657 3196 See
675 3162 710 3195 ii.
733 3161 788 3204 63,
806 3164 948 3204 passim.
1115 3161 1192 3204 ink,
1211 3162 1240 3195 is
1257 3159 1426 3194 invisible
1445 3159 1451 3193 !

1046 3223 1141 3267 273
1655 3231 1676 3263 s

1898 534 1935 563 10

1902 866 1937 895 15

1905 1538 1942 1567 25

1907 1875 1946 1905 30

1911 2544 1950 2573 40

1913 2984 1952 3013 45
