2247 3637
222 265 276 303 11.
300 268 368 316 47]
499 251 1045 310 BENEDICTUS
1100 251 1214 305 DE
1274 251 1578 307 SCOCIA

222 372 300 412 est
347 362 577 412 sanctior.
674 362 809 409 Dico
857 360 994 425 quod
1042 367 1161 407 sunt
1210 360 1374 406 variae
1422 358 1712 422 opiniones:
1761 363 1813 405 et

223 431 456 479 doctores
493 429 679 477 ordinis
716 429 874 476 nostri
900 427 1046 476 variis
1083 426 1246 474 modis
1282 426 1560 490 disputant.
1633 424 1815 488 Aliqui

221 504 403 546 tenent
427 498 565 561 quod
591 514 626 544 S.
656 496 962 544 Dominicus
992 500 1068 541 est
1098 493 1318 540 sanctior
1343 493 1526 539 merito
1552 492 1702 547 vitae,
1728 492 1815 539 sed

223 583 327 613 non
352 564 535 612 merito
559 563 849 611 doctrinae:
886 568 938 609 et
963 578 1052 626 per
1076 559 1387 608 contrarium
1414 577 1448 606 s.
1477 559 1703 606 Thomas
1738 564 1815 605 est

224 633 446 680 sanctior
470 632 654 678 merito
678 630 951 685 doctrinae,
969 645 1071 676 non
1096 628 1278 676 merito
1305 627 1452 674 vitae.
1502 625 1610 672 Alii
1630 631 1818 689 putant

224 699 363 762 quod
400 698 695 762 simpliciter
731 714 764 744 5.
797 696 1104 744 Dominicus
1139 701 1216 743 est
1251 693 1486 748 sanctior,
1513 699 1565 741 et
1601 691 1819 756 probant

224 766 423 813 duabus
460 764 754 812 rationibus.
827 763 1003 811 Prima
1040 768 1117 810 est
1154 762 1274 826 quia
1315 778 1350 808 s.
1396 759 1705 807 Dominicus
1743 764 1820 805 est

226 832 446 880 sanctior
481 832 705 895 [auctor]
740 830 928 878 ordinis
970 829 1145 884 nostri,
1184 835 1235 876 et
1272 828 1340 876 sic
1378 845 1412 876 s.
1452 827 1695 882 Thomas,
1732 824 1820 889 qui

226 906 304 948 est
339 898 403 947 de
438 899 525 946 illo
560 898 751 953 ordine,
777 898 875 945 fuit
901 896 1006 945 eius
1031 895 1320 960 discipulus.
1395 895 1496 942 Sed
1532 910 1635 941 non
1672 892 1819 940 disci-

227 966 378 1031 pulus
426 983 576 1031 super
623 966 940 1028 magistrum.
1029 964 1185 1027 ErgO.
1282 962 1517 1010 Secunda
1575 967 1652 1008 est
1702 959 1822 1023 quia

226 1033 460 1081 doctrina
482 1049 585 1080 non
610 1032 765 1080 habet
800 1032 1175 1095 prerogativam
1212 1031 1275 1077 ad
1299 1029 1461 1077 vitam
1486 1035 1539 1076 et
1561 1034 1734 1092 gesta:
1771 1032 1823 1074 et

229 1117 349 1164 ergo
385 1099 505 1148 licet
541 1117 576 1147 s.
616 1099 842 1147 Thomas
876 1099 977 1146 fuit
1013 1097 1210 1145 doctior
1245 1113 1399 1160 quam
1434 1113 1469 1143 s.
1499 1093 1823 1149 Dominicus,

228 1174 406 1215 tamen
444 1183 547 1214 non
583 1173 852 1231 propterea
887 1165 1044 1213 etiam
1080 1172 1156 1212 est
1192 1164 1424 1211 sanctior.
1499 1162 1608 1210 Alii
1641 1161 1824 1208 volunt

230 1235 370 1298 quod
410 1234 707 1298 simpliciter
743 1250 777 1281 s.
806 1233 1032 1280 Thomas
1068 1238 1145 1279 est
1183 1232 1417 1286 sanctior,
1448 1229 1567 1293 quia
1605 1245 1707 1276 non
1749 1233 1826 1276 est

230 1301 357 1350 alius
382 1302 562 1349 doctor
586 1302 718 1348 inter
742 1317 919 1348 omnes
955 1305 1156 1347 sanctos
1180 1298 1267 1362 qui
1293 1297 1578 1362 appellatur
1603 1304 1630 1322 ‘⁶
1647 1296 1828 1343 doctor

232 1369 479 1417 sanctus‘''
503 1374 860 1433 praeterquam
898 1372 1103 1414 sanctus
1137 1366 1379 1413 Thomas,
1452 1364 1526 1411 Et
1551 1380 1672 1427 ergo
1697 1361 1828 1410 sicut

232 1436 542 1484 Aristoteles
565 1435 850 1500 appellatur
874 1441 902 1459 ‘⁶
922 1433 1252 1498 philosophus
1269 1432 1291 1448 ”
1317 1438 1368 1478 et
1389 1430 1582 1478 Paulus
1609 1439 1636 1457 ‘⁶
1658 1430 1828 1493 Apos-

231 1504 414 1558 tolus,'⁷
474 1503 542 1550 sic
590 1520 625 1551 s.
676 1502 902 1549 Thomas
960 1506 1168 1564 propter
1226 1497 1560 1547 eminentiam
1618 1502 1830 1544 vocatur

233 1579 260 1597 ‘⁶
285 1571 550 1618 Sanctus.’'
622 1569 694 1616 Et
720 1585 840 1633 ergo
865 1584 969 1615 non
994 1567 1160 1615 solum
1198 1566 1249 1613 in
1274 1566 1520 1620 doctrina,
1550 1564 1635 1612 sed
1672 1563 1830 1611 etiam

233 1639 285 1686 in
319 1637 590 1686 sanctitate
626 1642 703 1683 est
740 1635 900 1683 maior
934 1651 1090 1698 quam
1127 1649 1162 1681 S.
1203 1631 1525 1680 Dominicus.
1597 1632 1830 1695 Respon-

235 1706 386 1753 detur
410 1705 549 1768 quod
574 1720 608 1751 S.
637 1704 863 1750 Thomas
889 1708 1103 1749 vocatur
1129 1709 1157 1726 “
1178 1706 1384 1747 sanctus
1404 1700 1429 1715 ''
1457 1715 1559 1746 non
1591 1697 1729 1761 quod
1754 1702 1831 1744 est

235 1772 456 1820 sanctior
502 1770 740 1819 omnibus
783 1769 890 1817 aliis
932 1768 1117 1816 sanctis
1156 1766 1468 1831 simpliciter,
1495 1766 1582 1813 sed
1622 1770 1832 1812 tantum

235 1840 368 1888 inter
416 1845 616 1886 sanctos
663 1837 896 1885 doctores
944 1843 1023 1884 est
1059 1835 1292 1883 sanctior.
1365 1833 1439 1881 Et
1487 1833 1555 1881 sic
1603 1848 1708 1879 non
1755 1837 1834 1878 est

235 1906 457 1955 sanctior
492 1922 648 1969 quam
686 1921 720 1953 s.
749 1903 1072 1952 Dominicus.
1145 1901 1323 1950 Etiam
1362 1901 1494 1948 dixit
1536 1898 1661 1947 mihi
1701 1914 1834 1946 unus

236 1973 478 2038 antiquus
503 1974 566 2020 de
591 1972 766 2020 ordine
790 1977 980 2027 nostro,
1005 1970 1143 2034 quod
1169 1968 1282 2016 vult
1319 1967 1443 2015 mihi
1480 1967 1747 2015 ostendere
1782 1964 1835 2012 in

235 2058 339 2089 uno
363 2041 492 2088 libro
517 2039 847 2094 veterissimo,
873 2038 1012 2102 quod
1037 2036 1352 2102 prohibitum
1386 2042 1462 2083 est
1487 2035 1747 2098 disputare
1771 2033 1836 2080 de

237 2108 591 2172 superioritate
616 2106 749 2154 inter
774 2106 896 2154 istos
920 2106 1048 2153 duos
1073 2110 1287 2152 sanctos.
1361 2103 1435 2150 Et
1459 2119 1579 2166 ergo
1604 2101 1835 2164 relinquo

238 2175 369 2223 hanc
406 2175 759 2239 quaestionem
802 2179 854 2221 et
895 2189 999 2220 non
1037 2172 1152 2219 volo
1189 2187 1299 2218 eam
1339 2170 1583 2217 decidere.
1658 2167 1835 2216 Tertio

238 2242 479 2307 quaeritis
504 2259 568 2288 an
592 2242 749 2288 etiam
773 2247 902 2306 puto
934 2240 1073 2303 quod
1112 2240 1330 2286 Ioannes
1367 2236 1690 2284 Pfefferkorn
1726 2250 1836 2299 per-

239 2309 489 2358 severabit
514 2308 565 2356 in
584 2308 699 2356 fede
725 2307 997 2356 christiana
1018 2310 1034 2355 2
1087 2305 1396 2370 Respondeo
1416 2304 1554 2368 quod
1575 2320 1662 2367 per
1681 2303 1837 2349 deum

239 2376 409 2425 nescio
434 2376 558 2440 quid
582 2375 744 2423 debeo
768 2374 948 2422 dicere.
1022 2373 1161 2429 Quia
1190 2379 1268 2420 est
1293 2372 1440 2419 valde
1478 2369 1833 2435 periculosum.

242 2446 348 2492 Vos
375 2444 504 2491 bene
535 2442 671 2491 scitis
706 2442 835 2489 illud
872 2441 1170 2505 exemplum
1207 2440 1270 2487 ad
1310 2445 1545 2487 sanctum
1571 2436 1837 2484 Andream

243 2511 517 2559 Coloniae:
577 2510 798 2575 qualiter
848 2525 981 2556 unus
1030 2508 1274 2555 Decanus
1322 2506 1548 2554 eiusdem
1598 2501 1837 2551 ecclesiae

242 2579 465 2626 Iudaeus
502 2578 785 2641 baptisatus
811 2575 1097 2623 diutissime
1133 2574 1322 2622 mansit
1347 2574 1398 2620 in
1424 2572 1523 2619 fide
1550 2569 1836 2623 christiana,

241 2653 294 2694 et
320 2646 450 2693 vixit
474 2644 765 2693 rectissime.
841 2643 943 2691 Sed
967 2648 1145 2707 postea
1169 2642 1220 2689 in
1246 2640 1461 2688 articulo
1487 2637 1664 2685 mortis
1693 2635 1838 2683 iussit

243 2713 336 2760 sibi
361 2719 562 2777 portare
586 2728 751 2760 unum
776 2711 1002 2775 leporem
1033 2716 1086 2757 et
1118 2725 1313 2761 canem,
1341 2713 1393 2754 et
1431 2705 1570 2752 misit
1607 2720 1691 2751 eos
1730 2719 1838 2749 cur-

243 2796 379 2827 rere:
430 2786 555 2826 tunc
603 2779 779 2827 statim
819 2777 956 2826 canis
990 2775 1326 2841 apprehendit
1366 2773 1604 2836 leporem.
1691 2769 1840 2816 Tunc

242 2846 431 2894 iterum
456 2846 602 2893 iussit
629 2861 826 2893 currere
853 2860 1016 2892 unum
1043 2844 1235 2890 Catum
1262 2847 1312 2889 et
1338 2855 1569 2886 murem:
1607 2843 1660 2884 et
1680 2837 1842 2884 Catus

293 2947 318 2968 ²¹
345 2951 480 2981 scmct.:
576 2945 745 2990 Bocking
839 2955 1013 2990 proposes
1129 2941 1156 2959 ³⁹
1184 2942 1401 2976 reterissimo.
1485 2938 1561 2971 Not
1647 2936 1845 2971 elsewhere

245 2998 271 3015 “
287 2993 450 3029 auctor.''
1082 2990 1208 3023 found.

295 3042 323 3060 ²²
348 3053 419 3075 mm
452 3042 597 3082 discip„-
630 3039 764 3072 Matth.
798 3052 830 3072 x.
861 3038 915 3071 24.
968 3037 1011 3071 In
1129 3035 1261 3078 ⁴3fi3d6.
1311 3036 1379 3075 Sic,
1402 3030 1533 3077 i11[D].

246 3091 311 3125 the
330 3087 439 3133 Vulg.
460 3088 644 3120 “nonest
671 3112 678 3119 .
705 3111 712 3118 .
742 3086 775 3119 .”
1131 3081 1156 3100 ⁴5
1181 3084 1227 3115 ad
1252 3093 1278 3115 s.
1304 3081 1424 3114 Ami..-
1457 3079 1578 3113 where
1609 3078 1675 3113 the
1707 3080 1846 3122 Auqen-

294 3136 320 3156 ³¹
343 3139 485 3179 propter
501 3136 605 3168 emin.
619 3145 630 3167 :
649 3133 675 3150 “
691 3144 755 3177 par
769 3130 1015 3166 excellence.'’
1081 3130 1206 3173 spieyel
1220 3139 1290 3161 was
1302 3127 1427 3161 bui-nt.

1010 3191 1104 3232 ‘231

1850 446 1887 476 15

1853 783 1892 812 20

1858 1119 1896 1148 25

1863 1456 1903 1486 30

1866 1792 1905 1823 35

1871 2130 1909 2159 40

1873 2481 1911 2511 45

1877 2818 1916 2849 50
