2247 3637
284 287 337 325 11.
361 284 411 324 66
416 287 429 335 J
746 267 1116 325 ABRAAM
1174 264 1421 321 ISAAC

284 384 401 449 Ego
425 381 605 448 putavi
629 381 767 444 quod
793 385 964 444 posset
986 383 1187 442 portare
1217 374 1267 420 in
1293 372 1530 421 omnibus
1555 369 1697 418 annis
1724 368 1871 416 XX.
1930 384 1968 414 30

283 452 499 500 florenos
535 449 586 496 in
622 453 891 495 reservato.
966 445 1072 492 Vos
1097 442 1254 491 etiam
1279 441 1408 487 bene
1444 438 1579 486 scitis
1615 436 1755 500 quod
1780 450 1875 499 ego

283 535 385 566 non
428 532 610 564 maneo
649 513 977 578 personaliter
1015 511 1066 558 in
1103 509 1200 557 illis
1233 506 1477 573 partibus.
1551 504 1666 567 Ego
1692 502 1876 549 vellem

283 585 523 633 libentius
548 582 732 629 habere
758 580 1062 628 beneficium
1088 577 1139 624 in
1165 573 1451 624 Daventria
1476 587 1633 637 prope
1658 569 1877 634 patriam

284 658 512 700 nostram
561 665 679 697 cum
728 654 937 695 centum
985 643 1200 699 florenis,
1249 648 1300 689 et
1348 656 1467 688 cum
1515 655 1616 685 una
1662 635 1877 700 simplici

284 718 454 784 puella
486 716 757 764 duodecim
790 729 1057 768 annorum,
1082 726 1239 775 quam
1263 711 1315 756 in
1340 707 1425 756 illa
1455 705 1708 769 superiore
1734 708 1877 767 parte
1911 722 1949 752 35

284 802 447 833 unum
496 800 614 832 cum
660 781 873 846 triginta
919 779 1135 834 florenis,
1177 783 1230 825 et
1272 791 1390 823 cum
1429 772 1609 821 callida
1647 777 1880 817 matrona

286 852 552 916 sexaginta
588 866 854 898 annorum.
943 847 1043 895 Sed
1079 845 1165 893 illa
1200 848 1453 891 reservata
1489 841 1618 888 bene
1653 838 1879 885 facerent

284 920 388 968 uni.
463 917 700 967 Secundo
739 916 922 970 sciatis,
963 914 1038 962 M.
1085 912 1317 966 Ortvine,
1360 907 1498 973 quod
1545 905 1730 954 deinde
1778 919 1880 950 non

286 987 432 1052 potui
480 986 551 1033 ita
598 985 774 1033 statim
823 982 992 1031 venire
1040 980 1104 1027 ad
1152 978 1361 1026 Curiam
1403 981 1609 1040 propter
1651 971 1784 1020 bella
1830 970 1881 1017 in

286 1054 467 1102 Italia:
504 1053 624 1116 quia
650 1057 860 1099 currunt
885 1047 1120 1096 hincinde
1144 1045 1266 1093 nudi
1296 1042 1514 1091 Ribaldi.
1588 1039 1660 1087 Et
1686 1039 1726 1086 si
1750 1054 1882 1085 unus
1917 1055 1955 1084 40

287 1122 538 1186 acciperet
581 1119 705 1166 mihi
747 1117 1070 1170 vestimenta,
1118 1120 1244 1161 tunc
1292 1110 1623 1175 perdidissem
1670 1121 1881 1170 pauper-

287 1195 452 1237 tatem
494 1203 664 1234 meam
711 1185 956 1239 totaliter,
1002 1182 1147 1229 Sicut
1188 1178 1319 1227 dixit
1365 1176 1522 1225 semel
1568 1191 1669 1223 una
1711 1171 1886 1220 vetula

287 1255 496 1321 quando
520 1254 674 1317 fregit
698 1269 794 1300 ova
830 1267 979 1315 super
1014 1255 1228 1314 pontem
1264 1246 1316 1293 in
1347 1244 1633 1307 Helpruna.
1706 1240 1780 1287 Et
1816 1238 1884 1286 sic

289 1322 542 1388 permansi
590 1321 790 1368 duobus
838 1316 1095 1366 mensibus
1143 1314 1195 1361 in
1245 1312 1372 1361 valle
1431 1311 1495 1358 ad
1546 1307 1883 1371 VVimpinam,

289 1390 447 1438 etiam
474 1406 592 1436 cum
617 1387 924 1452 quibusdam
960 1383 1106 1431 bonis
1144 1378 1440 1429 Curtisanis.
1519 1376 1591 1423 Et
1629 1375 1697 1423 ibi
1734 1372 1886 1420 didici
1921 1390 1959 1419 45

292 1474 454 1505 unum
478 1456 661 1504 ludum
685 1471 713 1501 a
741 1454 933 1500 Ioanne
954 1449 1239 1513 Greyferio,
1265 1446 1354 1510 qui
1379 1451 1456 1494 est
1481 1443 1629 1491 valde
1654 1440 1886 1495 liberalis,

290 1525 411 1588 quia
451 1522 594 1571 dedit
633 1521 790 1570 semel
827 1536 915 1568 sex
956 1517 1117 1570 sociis,
1144 1530 1366 1578 quorum
1405 1528 1501 1575 ego
1539 1509 1613 1557 fui
1650 1525 1798 1564 unus,
1825 1507 1888 1554 ad

294 1591 667 1640 comedendum
704 1593 902 1652 septem
926 1601 1022 1633 ova
1058 1589 1109 1631 et
1137 1599 1241 1630 non
1278 1580 1460 1627 minus.
1534 1577 1608 1625 Et
1632 1575 1715 1623 ille
1739 1575 1889 1622 ludus

293 1659 479 1707 dicitur
504 1658 555 1705 in
574 1657 749 1720 lingua
778 1654 957 1702 Italica
981 1652 1145 1698 Trent
1169 1665 1286 1696 uno.
1361 1647 1482 1693 Hoc
1507 1660 1604 1708 ego
1624 1657 1890 1705 nunquam

293 1726 397 1774 vidi
437 1726 487 1773 in
527 1726 765 1772 Romana
806 1721 956 1769 curia.
1031 1717 1209 1765 Etiam
1247 1730 1350 1761 non
1389 1719 1467 1761 est
1505 1710 1749 1764 mirabile,
1774 1708 1893 1772 quia
1926 1723 1964 1753 50

295 1793 524 1858 oportuit
560 1807 644 1839 me
679 1805 877 1854 semper
901 1787 1086 1834 habere
1115 1781 1491 1831 advertentiam
1521 1778 1584 1826 ad
1609 1777 1811 1825 mulum
1841 1775 1892 1822 in

295 1860 498 1909 stabulo
522 1857 745 1907 inferius.
818 1856 891 1903 Et
917 1851 1135 1902 audiatis
1160 1849 1421 1914 quomodo
1441 1861 1640 1911 semper
1663 1844 1890 1892 fecimus.

298 1928 406 1975 Nos
430 1926 599 1975 iuinus
636 1925 866 1988 [ivimus]
902 1919 1176 1984 aliquando
1201 1917 1253 1965 in
1279 1917 1353 1963 W
1358 1914 1551 1979 impina
1575 1929 1725 1977 super
1751 1910 1896 1958 scho-

295 1996 413 2051 lam,
457 1994 544 2041 ubi
585 2008 784 2056 semper
826 1992 1175 2038 convenerunt
1215 2000 1365 2049 super
1405 1987 1550 2030 extra
1597 1979 1717 2027 boni
1759 1976 1892 2026 socii.

298 2063 371 2111 Et
408 2061 510 2109 fuit
551 2076 682 2108 unus
723 2060 856 2107 inter
894 2073 978 2105 eos
1017 2055 1106 2118 qui
1144 2052 1330 2101 dicitur
1357 2047 1635 2113 Gregorius
1674 2043 1896 2110 Spiculi:
1930 2062 1969 2092 55

297 2130 381 2178 ille
422 2135 500 2177 est
524 2128 672 2176 valde
710 2123 1048 2174 declarativus
1087 2121 1150 2169 de
1191 2119 1347 2167 modo
1371 2113 1705 2181 supponendi.
1780 2113 1898 2176 Ipse

298 2196 523 2245 declarat
559 2195 689 2242 hanc
727 2192 996 2240 materiam
1034 2189 1107 2237 ita
1148 2187 1277 2235 clare
1316 2185 1446 2234 sicut
1473 2199 1561 2231 vos
1600 2179 1745 2228 nobis
1775 2179 1898 2226 olim

300 2263 532 2312 Tertiam
556 2268 757 2326 partem
782 2256 1066 2307 Alexandri
1096 2255 1158 2303 de
1184 2261 1292 2302 arte
1315 2248 1645 2300 versificandi.
1720 2247 1897 2302 Quan-

300 2332 573 2394 docunque
598 2328 749 2376 audio
774 2343 894 2374 eum
919 2326 1050 2373 sicut
1077 2338 1249 2388 grosse
1278 2320 1417 2383 loqui
1447 2318 1508 2365 de
1532 2316 1618 2364 illa
1641 2313 1900 2362 luxuriosa

301 2415 368 2455 re,
393 2405 519 2445 tunc
550 2395 756 2458 acquiro
781 2391 1177 2441 delectationem
1213 2388 1277 2436 ad
1303 2383 1710 2451 supponendum.
1783 2380 1900 2444 Ego
1934 2396 1972 2425 60

302 2466 530 2514 multum
579 2463 731 2510 didici
779 2461 841 2508 ab
890 2476 950 2508 eo
1000 2456 1238 2523 (parcatis
1287 2453 1428 2509 mihi,
1476 2450 1595 2514 quia
1648 2454 1724 2496 est
1772 2462 1900 2511 opus

301 2531 585 2592 naturale):
645 2546 740 2593 ego
782 2527 984 2581 vellem,
1028 2525 1160 2574 sicut
1201 2524 1324 2571 deus
1367 2518 1493 2569 mihi
1535 2518 1694 2571 iuvat,
1736 2530 1899 2561 unum

304 2599 569 2648 Carlinum
595 2597 714 2645 dare
739 2595 879 2661 quod
906 2611 994 2642 vos
1025 2591 1217 2640 sciretis
1241 2591 1313 2638 ita
1338 2584 1670 2635 amicabiliter
1693 2581 1900 2635 lardare,

304 2667 398 2715 nisi
423 2672 631 2731 propter
655 2679 871 2712 uxorem
898 2660 1103 2709 Ioannis
1124 2658 1328 2707 Pfeffer.
1352 2656 1500 2702 Tunc
1526 2667 1620 2715 ego
1641 2649 1742 2697 scio
1763 2647 1900 2710 quod

305 2740 500 2781 amaret
540 2749 630 2780 vos
672 2747 821 2795 super
859 2744 1036 2777 omnes
1075 2725 1198 2774 alios
1243 2722 1512 2785 theologos
1559 2716 1648 2781 qui
1690 2721 1809 2763 sunt
1850 2713 1902 2761 in
1936 2730 1974 2760 05

307 2799 534 2848 Colonia.
607 2800 708 2847 Per
733 2798 889 2846 deum
913 2796 998 2844 illa
1022 2811 1100 2842 ars
1125 2809 1228 2840 non
1252 2791 1395 2838 iuvat
1414 2802 1571 2852 quam
1596 2782 1720 2830 mihi
1746 2780 1902 2829 semel

307 2866 599 2915 ostendistis
623 2865 676 2912 in
699 2865 870 2913 libello
894 2878 1051 2928 parvo
1070 2860 1159 2924 qui
1185 2859 1285 2907 fuit
1310 2862 1443 2904 retro
1470 2852 1699 2915 scriptus
1752 2849 1904 2896 Nunc

354 3011 381 3030 ⁴⁴
409 3012 594 3053 Wimpina.
643 3008 765 3042 There
790 3018 861 3040 was
885 3018 906 3039 a
931 3006 1074 3039 famous
1189 3001 1217 3021 ⁵⁹
1257 3003 1370 3035 sieut:
1396 2999 1452 3032 for
1469 2999 1528 3031 sie.

309 3059 529 3094 Dominican
562 3059 775 3100 monastery
803 3059 841 3088 at
866 3052 1072 3097 U'impfen—

307 3107 514 3150 ani-Berge.
1189 3093 1215 3112 ⁶⁷
1236 3097 1351 3127 retro:
1389 3090 1482 3124 from
1516 3087 1619 3133 right
1650 3091 1689 3121 to
1723 3085 1791 3120 left
1831 3084 1907 3119 like

356 3152 383 3172 ⁴⁹
406 3154 507 3187 Trent
526 3162 617 3184 uno:
642 3161 661 3183 a
679 3159 785 3194 game
803 3148 844 3181 of
857 3146 972 3181 cards.
1144 3141 1311 3176 Hebrew.

1073 3204 1169 3250 275
