2247 3637
870 554 1068 601 XXVI

376 684 438 732 CI
463 684 895 732 ANTONIUS
935 684 1367 732 RUBENSTA
1376 683 1574 730 DIUS

699 752 778 799 M.
811 752 1026 800 Ortvz‘no
1055 752 1243 800 Gratio

225 886 254 936 Ἴ
271 883 598 931 ALUTEM
643 900 705 931 ex
750 883 954 931 cordiali
1002 884 1191 931 affectu
1234 881 1565 930 amicabiliter
1606 887 1765 946 optat.

306 951 622 999 Venerabilis
652 951 858 998 domine
887 950 1144 1014 magister,
1172 951 1339 998 sciatis
1368 949 1509 1014 quod
1539 965 1768 1013 pronunc

176 1035 281 1065 non
318 1018 482 1066 habeo
518 1025 724 1082 tempus
761 1019 824 1065 ad
860 1018 1185 1066 scribendum
1221 1018 1284 1066 de
1326 1017 1432 1064 aliis
1474 1016 1623 1064 rebus
1665 1032 1767 1064 non

178 1085 326 1133 valde
373 1086 678 1141 necessariis,
729 1086 817 1133 sed
868 1092 1079 1133 tantum
1132 1083 1480 1149 respondeatis
1533 1082 1658 1131 mihi
1706 1084 1769 1130 ad

177 1169 333 1200 unam
371 1154 724 1216 quaestionem
760 1169 916 1216 quam
952 1153 1020 1200 sic
1057 1169 1316 1217 propono:
1360 1152 1556 1199 Utrum
1592 1150 1771 1198 doctor

176 1219 229 1267 in
254 1219 361 1267 iure
386 1226 625 1268 teneatur
648 1220 813 1267 facere
837 1220 1176 1267 reverentiam
1208 1219 1455 1283 magistro
1481 1224 1656 1265 nostro
1682 1217 1770 1282 qui

176 1303 279 1333 non
305 1286 495 1334 incedit
520 1287 572 1334 in
598 1286 791 1334 habitu.
854 1286 953 1334 Est
977 1293 1154 1334 autem
1178 1286 1383 1333 habitus
1408 1285 1770 1350 magistrorum

177 1361 487 1409 nostrorum,
531 1355 663 1402 sicut
705 1353 859 1408 scitis,
904 1354 1169 1418 caputium
1211 1369 1459 1417 magnum
1503 1369 1623 1400 cum
1670 1351 1771 1399 liri-

176 1421 328 1485 pipio.
402 1421 501 1469 Est
519 1421 599 1469 hic
618 1438 750 1468 unus
769 1421 950 1468 doctor
968 1420 1055 1484 qui
1080 1427 1157 1468 est
1181 1426 1450 1485 promotus
1475 1420 1527 1467 in
1551 1426 1771 1482 utroque

177 1488 284 1536 iure
321 1495 373 1536 et
409 1488 563 1536 habet
598 1487 919 1535 inimicitiam
961 1504 1080 1534 cum
1117 1487 1363 1552 magistro
1400 1494 1574 1535 nostro
1610 1487 1770 1534 Petro

180 1555 344 1602 Meier
390 1555 621 1620 plebano.
718 1554 791 1601 Et
843 1571 1005 1619 nuper
1058 1554 1286 1602 obviavit
1340 1554 1430 1602 sibi
1484 1554 1537 1601 in
1584 1553 1768 1617 platea,

177 1623 383 1686 quando
407 1623 652 1686 magister
675 1628 849 1669 noster
874 1622 1063 1669 Petrus
1088 1638 1193 1669 non
1222 1621 1315 1669 ivit
1346 1621 1398 1669 in
1423 1621 1618 1675 habitu,
1643 1627 1770 1669 tunc

176 1689 260 1737 ille
304 1689 479 1737 iurista
520 1706 623 1737 non
663 1688 787 1736 fecit
828 1689 874 1736 ei
915 1689 1268 1737 reverentiam.
1342 1689 1416 1736 Et
1457 1693 1637 1752 postea
1671 1687 1770 1734 fuit

176 1757 374 1804 dictum
416 1756 554 1832 quod
595 1772 699 1803 non
740 1757 871 1804 bene
917 1755 1136 1812 fecisset,
1176 1756 1297 1819 quia
1344 1755 1500 1804 etiam
1549 1755 1589 1803 si
1636 1761 1770 1803 esset

176 1823 411 1871 inimicus
458 1824 580 1880 eius,
628 1829 803 1871 tamen
850 1823 1061 1872 deberet
1108 1822 1153 1870 ei
1202 1823 1368 1871 facere
1416 1822 1770 1878 reverentiam,

175 1897 384 1966 propter
435 1891 681 1939 honorem
734 1907 902 1939 sacrae
950 1890 1275 1966 Theologiae.
1372 1890 1511 1946 Quia
1562 1890 1771 1937 deberet

175 1974 282 2006 esse
309 1958 544 2006 inimicus
568 1974 815 2023 personae
840 1964 892 2006 et
916 1975 1021 2006 non
1047 1957 1300 2006 scientiae.
1375 1957 1515 2013 Quia
1539 1957 1771 2022 magistri

176 2031 297 2074 sunt
334 2025 385 2073 in
428 2025 541 2073 loco
569 2025 946 2100 apostolorum.
1020 2025 1106 2073 De
1146 2024 1332 2088 quibus
1374 2025 1622 2089 scriptum
1662 2030 1770 2072 est:

176 2093 398 2149 “Quam
447 2092 658 2157 speciosi
711 2092 864 2157 pedes
916 2092 1380 2168 evangelizantium
1434 2093 1581 2147 bona,
1630 2108 1768 2156 prae-

175 2159 458 2208 dicantium
494 2177 687 2224 pacem.
696 2160 717 2176 ”
775 2160 1106 2236 Quapropter
1142 2160 1181 2207 si
1218 2159 1428 2224 speciosi
1464 2166 1584 2207 sunt
1615 2160 1770 2223 pedes

174 2244 368 2283 eorum,
418 2234 611 2291 quanto
660 2227 822 2291 magis
875 2228 1042 2292 capita
1095 2233 1147 2274 et
1194 2244 1377 2275 manus
1424 2226 1616 2274 debent
1662 2243 1770 2274 esse

175 2294 412 2360 speciosa.
485 2295 559 2342 Et
596 2295 799 2342 videtur
837 2295 976 2358 quod
1018 2294 1182 2342 omnis
1225 2294 1397 2351 homo,
1434 2294 1591 2342 etiam
1632 2294 1767 2357 prin—

176 2362 310 2426 cipes
343 2362 533 2410 debent
566 2362 814 2410 honorem
846 2368 900 2409 et
928 2362 1269 2410 reverentiam
1302 2361 1467 2410 facere
1492 2360 1768 2424 Theologis

176 2435 229 2477 et
270 2429 525 2493 magistris
567 2429 766 2477 nostris.
841 2429 991 2477 Tunc
1038 2428 1122 2477 ille
1170 2429 1348 2476 iurista
1394 2428 1672 2492 respondit,
1716 2434 1767 2474 et

172 2496 395 2560 praecise
431 2496 483 2543 in
520 2496 833 2544 contrarium
869 2496 1111 2560 allegavit
1148 2512 1261 2543 suas
1303 2496 1440 2560 leges
1483 2502 1536 2543 et
1577 2494 1768 2542 multas

174 2563 463 2628 scripturas,
506 2563 625 2627 quia
672 2563 919 2627 scriptum
967 2570 1074 2613 est:
1130 2563 1401 2620 “Qualem
1448 2568 1500 2610 te
1547 2562 1766 2618 invenio,

172 2630 330 2678 talem
359 2637 413 2679 te
448 2631 665 2679 iudico.'’
739 2630 840 2678 Sed
864 2647 1019 2678 nemo
1042 2637 1250 2678 tenetur
1272 2630 1438 2678 facere
1462 2629 1507 2677 ei
1536 2645 1766 2677 reveren-

174 2697 302 2744 tiam
343 2697 431 2761 qui
477 2714 584 2745 non
630 2697 821 2746 incedit
868 2697 1086 2761 qualiter
1132 2698 1302 2753 debet,
1345 2697 1500 2745 etiam
1548 2696 1588 2743 si
1635 2702 1768 2743 esset

174 2765 420 2829 princeps.
510 2764 584 2812 Et
631 2765 838 2829 quando
889 2765 1156 2830 presbyter
1203 2764 1452 2829 reperitur
1498 2762 1550 2810 in
1597 2762 1767 2826 aliquo

174 2831 433 2879 indecenti
468 2848 620 2896 opere
655 2839 708 2881 et
743 2848 847 2880 non
884 2838 962 2880 est
987 2831 1203 2879 vestitus
1239 2831 1370 2878 sicut
1406 2830 1636 2877 sacerdos
1661 2846 1768 2878 esse

176 2897 346 2952 debet,
372 2898 458 2946 sed
483 2898 663 2946 habitu
688 2898 945 2955 saeculari,
971 2905 1097 2946 tunc
1128 2898 1281 2946 iudex
1306 2896 1572 2945 saecularis
1597 2903 1769 2961 potest

177 2981 297 3012 eum
322 2964 505 3012 habere
531 2972 582 3012 et
606 2972 827 3014 tractare
856 2982 947 3030 pro
976 2964 1184 3013 homine
1208 2963 1465 3020 saeculari,
1491 2970 1544 3012 et
1569 2964 1767 3013 afficere

318 3111 347 3131 ¹³
371 3114 493 3148 Meier.
528 3114 596 3148 See
613 3114 636 3148 i.
656 3117 688 3156 5,
706 3126 742 3148 n.
1123 3110 1150 3130 ²⁰
1174 3114 1367 3155 seriptum:
1393 3113 1496 3148 Rom.
1515 3126 1549 3148 x.
1572 3115 1624 3150 15.

691 3159 718 3178 ²⁸
745 3162 908 3204 Qualem:
937 3160 1044 3194 Ezek.
1063 3160 1162 3194 xviii.
1181 3161 1236 3194 30.

934 3221 996 3263 69

1805 1368 1842 1396 10

1806 1702 1843 1731 15

1805 2038 1842 2066 20

1804 2374 1842 2403 25

1803 2708 1841 2737 30
