2247 3637
206 267 327 320 I.13]
422 260 881 317 CONRADUS
936 260 1049 316 DE
1105 257 1581 315 ZUICCAVIA

203 368 340 429 quod
374 386 637 432 nunquam
673 369 847 434 tetigit
881 386 1038 417 unam
1075 368 1354 416 mulierem.
1428 366 1528 414 Sed
1564 366 1718 413 etiam
1755 363 1794 411 si

205 434 422 493 fecisset,
460 438 539 484 vel
573 437 763 485 faceret
803 436 934 485 sicut
970 452 1072 484 non
1113 435 1277 490 cred0‚
1314 441 1488 482 tamen
1525 450 1628 480 non
1664 437 1794 480 esset

206 509 473 566 propterea
513 505 583 551 ita
622 504 800 560 malus,
837 503 957 567 quia
999 504 1284 550 humanum
1326 507 1402 549 est
1439 516 1614 548 errare.
1690 499 1795 546 Vos

208 569 435 617 multum
478 571 692 619 scribitis
734 571 857 618 mihi
901 571 964 618 de
1006 570 1102 617 isto
1144 575 1369 634 peccato,
1406 567 1545 630 quod
1582 582 1683 613 non
1719 571 1796 612 est
1829 584 1867 613 20

208 637 370 683 maius
389 645 659 700 peccatum
680 638 730 685 in
750 637 961 694 mundo,
981 644 1032 685 et
1053 637 1280 701 allegatis
1301 635 1488 683 multas
1508 634 1793 698 scripturas.

208 703 326 767 Ego
351 704 454 752 scio
485 704 612 752 bene
640 706 778 768 quod
807 722 911 752 non
941 711 1018 753 est
1047 704 1269 752 bonum:
1306 703 1392 750 sed
1428 708 1604 749 tamen
1640 700 1797 748 etiam

208 771 260 817 in
286 788 424 818 sacra
449 772 696 836 scriptura
721 772 982 836 reperitur,
1003 771 1143 835 quod
1169 770 1323 834 aliqui
1349 769 1417 817 sic
1442 772 1797 833 peccaverunt,

208 843 262 884 et
287 844 462 886 tamen
490 839 700 887 fuerunt
729 840 921 888 salvati.
997 839 1141 886 Sicut
1179 839 1395 885 Samson
1430 835 1518 899 qui
1554 833 1799 882 dormivit

210 920 328 951 cum
371 922 472 952 una
513 905 791 961 meretrice,
830 913 881 954 et
921 912 1097 953 tamen
1139 912 1316 969 postea
1357 903 1561 968 spiritus
1604 900 1801 950 domini
1834 915 1873 944 25

208 971 355 1019 irruit
402 972 454 1019 in
501 990 632 1021 eum.
706 974 779 1021 Et
827 989 1034 1037 possum
1082 978 1258 1021 contra
1305 988 1394 1019 Vos
1442 986 1652 1034 arguere
1699 968 1800 1016 sic:

210 1046 237 1064 “
258 1039 505 1102 Quisquis
530 1056 632 1088 non
659 1047 735 1088 est
761 1040 1058 1095 malevolus,
1084 1039 1263 1104 recipit
1293 1039 1768 1103 spiritumsanctum
1791 1052 1801 1082 :

209 1106 297 1154 sed
328 1106 544 1154 Samson
579 1124 680 1155 non
718 1114 795 1155 est
830 1107 1138 1156 malevolus:
1176 1123 1296 1170 ergo
1331 1104 1509 1169 recipit
1545 1103 1802 1168 spiritum-

211 1175 494 1222 sanctum.''
565 1174 818 1222 Maiorem
861 1175 1036 1238 probo,
1080 1174 1199 1237 quia
1240 1173 1486 1237 scriptum
1530 1177 1636 1218 est:
1691 1170 1803 1217 “In

211 1240 514 1288 malevolam
546 1242 770 1288 animam
806 1258 910 1289 non
946 1241 1178 1288 introibit
1214 1240 1418 1304 spiritus
1453 1237 1802 1304 sapientiae;’'
1839 1254 1878 1284 30

212 1307 299 1355 sed
326 1308 739 1372 spiritussanctus
759 1315 835 1356 est
855 1307 1059 1373 spiritus
1079 1307 1384 1373 sapientiae;
1423 1323 1556 1370 ergo.
1633 1304 1806 1352 Minor

211 1381 370 1439 patet,
420 1376 539 1439 quia
586 1377 626 1424 si
672 1375 798 1423 illud
848 1381 1118 1439 peccatum
1165 1373 1510 1423 fornicationis
1558 1378 1689 1420 esset
1735 1371 1807 1418 ita

212 1442 425 1498 malum,
451 1449 577 1490 tunc
614 1443 817 1506 spiritus
853 1443 1048 1490 domini
1083 1459 1188 1489 non
1223 1441 1447 1489 irruisset
1484 1439 1535 1487 in
1574 1439 1804 1492 Samson,

213 1508 345 1556 sicut
375 1516 517 1573 patet
548 1509 599 1556 in
635 1509 762 1557 libro
802 1509 1054 1557 Iudicum.
1130 1509 1307 1556 Etiam
1342 1507 1529 1571 legitur
1565 1506 1627 1553 de
1666 1505 1805 1553 Salo-

213 1592 382 1632 mone,
408 1577 546 1640 quod
576 1577 755 1624 habuit
791 1582 1044 1625 trecentas
1080 1576 1294 1639 reginas,
1322 1581 1373 1622 et
1408 1573 1807 1622 concubinarum

213 1659 318 1691 non
364 1643 463 1691 fuit
504 1660 781 1699 numerus;
835 1650 887 1691 et
932 1643 1038 1707 ipse
1085 1643 1183 1691 fuit
1232 1642 1487 1689 maximus
1534 1640 1810 1687 fornicator

214 1727 375 1774 usque
394 1711 457 1758 ad
478 1717 697 1758 mortem
723 1728 896 1758 suam:
934 1717 986 1758 et
1011 1717 1189 1758 tamen
1214 1709 1447 1757 doctores
1468 1706 1811 1756 communiter

215 1777 531 1826 concludunt
577 1778 716 1842 quod
764 1785 841 1826 est
889 1778 1126 1826 salvatus.
1223 1776 1365 1834 Quid
1417 1792 1555 1823 nunc
1608 1774 1811 1822 videtur

214 1844 394 1893 vobis?
463 1845 580 1910 Ego
621 1862 726 1894 non
768 1862 882 1893 sum
922 1845 1102 1893 fortior
1143 1861 1300 1908 quam
1345 1843 1576 1897 Samson,
1614 1847 1667 1889 et
1707 1856 1811 1888 non

213 1928 329 1959 sum
378 1913 652 1977 sapientior
700 1912 990 1969 Salomone,
1034 1919 1086 1960 et
1127 1928 1248 1976 ergo
1290 1916 1496 1975 oportet
1537 1907 1810 1972 aliquando

214 1979 398 2028 habere
439 1997 598 2028 unam
632 1979 899 2028 laetitiam.
969 1979 1122 2036 Quia,
1161 1986 1222 2027 ut
1257 1978 1438 2026 dicunt
1473 1977 1676 2031 medici,
1715 1975 1811 2022 hoc

214 2046 352 2094 valet
397 2054 574 2095 contra
620 2047 991 2096 melancoliam.
1069 2047 1160 2094 Ah
1206 2045 1331 2109 quid
1378 2044 1546 2092 dicitis
1594 2043 1657 2091 de
1704 2041 1812 2090 istis

216 2114 412 2162 seriosis
454 2115 721 2179 patribus?
767 2122 944 2163 tamen
986 2113 1112 2162 dicit
1153 2112 1519 2162 Ecclesiastes:
1563 2120 1591 2138 ‘⁴
1614 2110 1688 2158 Et
1730 2109 1811 2157 de-

215 2181 458 2246 prehendi
500 2182 627 2230 nihil
668 2199 774 2230 esse
815 2181 998 2230 melius
1040 2198 1198 2246 quam
1238 2179 1414 2228 laetari
1456 2178 1719 2227 hominem
1760 2177 1813 2224 in

214 2265 365 2314 opere
390 2250 529 2297 suo.”

317 2315 646 2380 Quapropter
687 2333 783 2380 ego
830 2315 944 2364 dico
992 2332 1111 2363 cum
1161 2315 1434 2363 Salomone
1482 2314 1546 2361 ad
1593 2312 1811 2360 amicam

216 2399 386 2430 meam
408 2400 418 2431 ε
458 2392 486 2410 “
505 2383 802 2432 Vulnerasti
827 2400 912 2431 cor
937 2400 1128 2440 meum,
1149 2400 1289 2430 soror
1314 2399 1440 2435 mea,
1460 2397 1644 2446 sponsa
1667 2395 1809 2434 mea3

216 2450 496 2499 vulnerasti
533 2468 619 2499 cor
656 2468 832 2499 meum
868 2451 921 2498 in
957 2467 1061 2498 uno
1100 2450 1369 2498 oculorum
1405 2456 1632 2503 tuorum,
1670 2452 1722 2494 et
1758 2445 1810 2492 in

217 2534 322 2565 uno
364 2518 500 2566 crine
541 2518 656 2566 colli
696 2517 788 2566 tui.
873 2518 1049 2574 Quam
1097 2517 1339 2582 pulchrae
1387 2522 1507 2564 sunt
1554 2529 1811 2562 mammae

217 2680 298 2714 says
317 2680 325 2702 :
353 2673 374 2685 “
389 2669 456 2703 Let
476 2681 518 2704 us
542 2669 652 2713 shun,
669 2682 707 2703 as
724 2670 867 2714 though
894 2669 983 2714 they
1048 2673 1070 2685 ‘¹
1085 2669 1157 2703 Yet
1181 2670 1358 2714 Sampson
1376 2679 1447 2700 was
1464 2678 1503 2701 so
1520 2664 1708 2709 tempted;
1739 2665 1811 2698 and

218 2727 312 2750 were
347 2728 368 2749 a
404 2716 616 2761 pestilence,
651 2718 757 2751 those
791 2716 983 2751 exem-able
1046 2716 1093 2750 he
1121 2716 1193 2750 had
1222 2728 1269 2749 an
1302 2713 1487 2749 excellent
1516 2712 1688 2757 strength
1707 2723 1714 2746 :
1749 2716 1812 2756 yet

217 2763 289 2796 and
324 2763 521 2798 barbarous
564 2769 571 2781 ‘
587 2763 772 2810 Epistol-ae
785 2763 793 2777 '
833 2764 984 2797 anathe-
1047 2775 1119 2797 was
1133 2762 1307 2796 Solomon
1325 2773 1365 2795 so
1381 2760 1539 2794 seduced
1558 2770 1566 2801 ;
1584 2759 1655 2792 and
1674 2759 1721 2793 he
1738 2758 1810 2792 had

218 2810 373 2843 matised
407 2811 453 2856 by
484 2811 551 2845 the
582 2812 775 2856 sovereign
811 2811 984 2845 Pontiff.’'
1047 2822 1068 2844 a
1102 2821 1190 2854 very
1223 2809 1319 2854 good
1354 2807 1448 2841 wit.'’
1500 2805 1616 2840 λοι-εἰς’
1644 2805 1812 2840 Labour’s

219 2855 263 2889 D.
283 2856 493 2902 Reichling,
508 2860 560 2892 De
583 2860 685 2893 Joan.
712 2860 843 2892 Murm.
869 2859 935 2892 Vit.
954 2862 986 2892 et
1049 2859 1141 2895 Lost,
1160 2858 1182 2890 i.
1201 2857 1234 2889 2.

220 2904 359 2946 Seript„
380 2904 551 2947 Monast.,
573 2906 674 2943 1870.
1096 2902 1123 2921 ³⁹
1139 2905 1287 2946 fortior,
1320 2901 1384 2935 Sec.
1436 2901 1468 2934 A
1498 2899 1638 2934 similar
1663 2899 1810 2935 remark

269 2947 295 2966 ²⁴
320 2953 465 2985 Samson
478 2963 490 2985 :
514 2951 538 2984 J
544 2952 656 2996 udges
673 2953 742 2986 xvi.
1050 2952 1079 2984 is
1097 2949 1302 2984 attributed
1319 2953 1359 2982 to
1376 2948 1521 2982 Aeneas
1541 2945 1685 2993 Sylvius
1701 2958 1710 2989 ;
1738 2948 1803 2980 viz.

269 2995 295 3014 ²⁹
320 2999 578 3040 scriptumest:
604 2999 770 3033 lVisdom
790 2999 811 3032 i.
831 2999 863 3032 4.
1052 3002 1154 3031 “nec
1182 2997 1343 3030 sanctior
1367 3007 1449 3028 sum
1474 2994 1593 3028 David
1621 3006 1720 3039 rege,
1741 3005 1808 3028 nec

269 3042 297 3061 ³⁴
321 3046 508 3079 Salomorw.
582 3045 727 3079 Com-ad
778 3045 986 3079 underesti·
1049 3043 1245 3077 Salomone
1262 3041 1492 3088 sapientior.’'

221 3095 337 3125 mates
367 3090 430 3125 the
460 3096 589 3126 extent
617 3093 659 3126 of
686 3093 750 3127 the
779 3091 984 3126 monarch's
1096 3089 1124 3108 ⁴³
1149 3091 1274 3124 Eccles.
1290 3101 1302 3123 .·
1320 3089 1369 3123 iii.
1394 3089 1448 3132 12,
1468 3088 1524 3122 22.

223 3138 358 3172 harem.
439 3138 505 3172 See
541 3139 557 3171 l
596 3139 715 3184 Kings
748 3140 795 3172 xi.
832 3140 863 3173 3.
927 3138 981 3173 Cf.
1095 3136 1122 3155 ‘¹⁵
1147 3138 1348 3171 Salomone:
1373 3135 1514 3171 Cantic.
1532 3136 1578 3169 iv.
1598 3137 1632 3175 9,
1656 3136 1707 3170 10.

979 3199 1041 3240 39

1842 1587 1881 1617 35

1846 1923 1884 1952 40

1846 2256 1885 2287 45
