2247 3637
189 259 332 309 11.19]
434 246 901 304 CUNRADUS
955 246 1555 304 UNCKEBUNCK

187 357 582 412 adolescentem,
625 357 713 421 qui
749 356 950 405 studuit
986 356 1058 405 ita
1092 355 1232 420 quod
1265 362 1343 404 est
1375 356 1605 420 pallidus.
1680 355 1781 405 Sed
1815 371 1853 401 35

188 441 284 488 ego
317 424 472 472 miror
503 424 642 487 quod
667 424 922 488 permittit
946 440 1066 472 eum
1092 423 1297 471 studere
1322 423 1374 470 in
1399 423 1496 471 illis
1521 423 1782 471 diabolicis

190 490 382 555 poetis:
419 491 524 555 ipse
557 491 807 554 recolligit
843 490 974 556 patri
1008 507 1099 538 suo
1124 489 1401 538 sententias
1428 490 1704 537 Oratorum
1730 496 1783 538 et

190 564 461 622 poetarum
494 565 609 606 tum
645 574 708 606 ex
742 575 834 606 suo
865 564 980 605 tum
1016 563 1406 622 praeceptorum
1441 574 1650 605 suorum
1683 574 1782 613 ore,

189 625 253 672 ad
287 641 494 672 omnem
528 625 794 674 materiam
823 631 876 672 et
908 641 1060 673 omne
1085 624 1436 689 propositum:
1473 630 1525 671 et
1551 623 1644 671 scit
1670 624 1782 672 alle-

190 708 309 755 gare
365 691 664 755 Hugonem.
761 691 835 740 Et
887 693 993 757 ipse
1048 693 1119 740 Io.
1172 690 1495 739 Pfefferkorn
1543 690 1786 754 intelligit
1818 704 1856 732 40

191 758 356 805 multa
391 775 455 806 ex
490 764 599 806 tam
633 758 857 822 ingenuo
893 759 1226 807 adolescente.
1302 759 1384 805 Ita
1420 764 1479 805 ut
1514 774 1645 821 quae
1680 758 1786 822 ipse

190 824 426 873 indoctus
450 825 614 873 facere
638 841 742 873 non
766 832 953 890 potest,
974 826 1107 874 filius
1131 826 1239 874 eius
1257 825 1494 890 perficiet.
1557 824 1788 873 Doleant

192 891 349 955 igitur
388 908 566 940 omnes
602 893 690 956 qui
726 893 850 941 false
888 893 1329 947 circumtulerunt,
1367 892 1506 956 quod
1543 892 1648 956 ipse
1683 908 1787 939 non

192 958 481 1022 composuit
534 975 650 1007 suos
702 959 870 1016 libros,
920 961 1006 1009 sed
1057 960 1291 1008 doctores
1344 967 1396 1008 et
1450 958 1690 1023 Magistri
1736 958 1788 1006 in

193 1026 407 1074 Colonia
466 1033 784 1090 componunt
843 1043 957 1076 eos:
1018 1028 1304 1076 Erubescat
1361 1043 1567 1090 quoque
1626 1032 1678 1074 et
1736 1026 1787 1073 in

192 1094 485 1141 Aeternum
533 1094 834 1157 ingemiscat
884 1096 957 1142 Io.
1004 1094 1277 1150 Reuchlin‚
1326 1095 1414 1158 qui
1461 1093 1617 1141 etiam
1664 1092 1789 1141 dicit

192 1160 333 1223 quod
378 1161 451 1208 Io.
491 1160 685 1226 pfeffer.
725 1178 828 1209 non
865 1162 1156 1226 composuit
1191 1179 1342 1210 suum
1380 1161 1615 1208 manuale
1651 1177 1789 1224 spec·

195 1226 355 1283 ulum,
393 1227 455 1275 de
497 1244 601 1290 quo
643 1245 791 1293 saepe
833 1229 968 1294 apud
1004 1229 1183 1277 doctos
1218 1229 1320 1277 fuit
1355 1228 1634 1283 contentio,
1670 1228 1791 1291 quia

194 1301 296 1342 tres
322 1294 413 1342 viri
446 1295 699 1343 dederunt
733 1295 778 1343 ei
803 1295 911 1344 illas
940 1296 1263 1344 Autoritates
1289 1312 1414 1359 quas
1440 1295 1509 1342 ibi
1533 1294 1787 1359 allegavit.

194 1361 342 1409 Tunc
367 1378 501 1409 unus
526 1362 688 1410 dixit:
727 1370 754 1389 “
778 1363 885 1419 Qui
911 1369 1032 1411 sunt
1057 1363 1128 1410 illi
1157 1369 1259 1411 tres
1286 1362 1377 1410 viri
1398 1363 1453 1411 ?'’
1525 1361 1790 1426 Respondi

194 1429 334 1492 quod
374 1428 558 1477 nescio.
632 1429 733 1477 Sed
777 1430 926 1478 credo
963 1430 1103 1493 quod
1145 1436 1267 1478 sunt
1307 1430 1378 1477 illi
1418 1435 1520 1477 tres
1558 1428 1665 1484 viri,
1703 1428 1791 1493 qui

194 1502 540 1560 apparuerunt
564 1495 811 1552 Abraam,
838 1502 897 1544 ut
922 1496 1111 1561 legitur
1133 1496 1185 1544 in
1212 1496 1415 1545 Genesi.
1487 1495 1562 1543 Et
1587 1496 1792 1560 quando

195 1563 310 1610 dico
334 1563 465 1619 talis,
485 1570 611 1611 tunc
632 1563 947 1612 subsannant
970 1580 1068 1620 me,
1089 1570 1333 1612 vexantes
1353 1564 1486 1611 sicut
1505 1569 1790 1612 scutonem.

198 1630 314 1694 Ego
339 1629 526 1678 vellem
558 1631 699 1694 quod
728 1630 960 1679 diabolus
989 1636 1279 1696 percuteret
1304 1648 1389 1679 eos
1412 1631 1566 1707 plaga
1590 1647 1792 1694 magna,

195 1697 327 1745 sicut
352 1697 623 1745 scribitur
611 1714 664 1745 1n
687 1697 815 1745 libro
842 1698 952 1754 Iob,
972 1715 1128 1762 quem
1154 1714 1385 1763 pronunc
1410 1699 1462 1746 in
1487 1696 1794 1745 monasterio

196 1770 371 1812 nostro
394 1764 612 1829 legimus
646 1764 710 1812 ad
739 1781 982 1814 mensem.
1056 1765 1257 1814 Dicatis
1284 1765 1325 1813 Ι.
1354 1783 1420 1830 p.
1446 1765 1585 1830 quod
1610 1764 1796 1812 habeat

196 1831 514 1896 patientiam,
540 1831 660 1895 quia
693 1848 840 1897 spero
869 1833 1008 1897 quod
1041 1832 1198 1881 semel
1230 1833 1469 1880 dominus
1492 1832 1618 1880 deus
1642 1832 1796 1880 faciet

197 1897 517 1955 miraculum,
552 1905 605 1947 et
637 1899 858 1948 salutate
894 1917 1016 1949 eum
1049 1900 1257 1949 nomine
1294 1917 1422 1949 meo.
1496 1899 1673 1947 Etiam
1709 1899 1795 1947 de-

196 1964 328 2014 betis
380 1965 506 2014 mihi
559 1966 779 2015 salutare
832 1984 1046 2016 uxorem
1096 1968 1204 2016 eius
1258 1968 1390 2016 sicut
1444 1967 1573 2015 bene
1627 1965 1795 2014 scitis:

198 2033 286 2081 sed
317 2033 534 2082 occulte.
607 2034 683 2082 Et
711 2035 805 2082 Va.
846 2035 945 2083 Da.
973 2041 1124 2100 raptu
1156 2051 1262 2083 non
1301 2035 1448 2083 valde
1484 2033 1796 2099 speculative

200 2100 504 2165 Antuerpie.

926 2297 1011 2346 XI
1020 2300 1074 2346 X

239 2437 302 2485 (I
342 2435 387 2484 C
393 2436 607 2484 UNRA
618 2435 677 2482 D
687 2436 741 2483 U
736 2436 781 2483 S
829 2434 1053 2483 UNCK
1046 2435 1159 2483 ΕΒ
1169 2436 1223 2483 U
1218 2437 1393 2485 NCK
1427 2438 1506 2486 M.
1550 2438 1767 2487 Ortvino

354 2568 675 2618 IRABILE
702 2575 794 2626 est,
820 2568 1119 2617 venerabilis
1143 2569 1351 2618 domine
1377 2570 1641 2634 Magister,
1661 2571 1800 2634 quod

385 2644 622 2701 parentes
669 2636 771 2685 mei
818 2652 922 2684 non
969 2635 1190 2684 mittunt
1238 2635 1363 2684 mihi
1411 2637 1697 2701 pecuniam,
1746 2644 1800 2687 et

199 2709 375 2751 tamen
434 2703 603 2752 sciunt
661 2703 801 2769 quod
859 2720 965 2751 non
1022 2702 1185 2751 habeo
1243 2719 1408 2751 unum
1467 2703 1695 2760 obulum,
1748 2711 1801 2753 et

249 2798 276 2818 ⁴⁰
293 2801 405 2844 Huyo.
446 2800 557 2846 Hugo
568 2801 613 2835 de
628 2800 781 2836 Folieto.
817 2800 855 2834 P.
869 2812 965 2846 says,
1036 2799 1228 2834 furnished
1247 2800 1323 2834 him
1342 2799 1389 2845 by
1405 2800 1470 2835 the
1493 2800 1599 2835 three
1620 2801 1802 2837 members

335 2871 343 2880 .
378 2846 555 2892 allegavit
589 2848 654 2891 H.,
688 2859 798 2893 quem
832 2848 966 2882 dixisse
1037 2847 1078 2882 of
1091 2847 1156 2881 the
1173 2847 1406 2881 commissiou
1424 2848 1621 2901 appointed
1642 2849 1688 2894 by
1702 2848 1800 2884 Max.

202 2893 407 2928 affirmabat
419 2895 516 2939 quod
534 2895 632 2929 inter
643 2894 839 2930 abusiones
857 2895 966 2939 hujus
1036 2898 1075 2928 to
1093 2898 1220 2939 report
1236 2905 1283 2927 on
1301 2894 1366 2928 the
1388 2894 1567 2939 opinions,
1618 2895 1685 2930 See
1703 2896 1737 2931 S.
1757 2896 1801 2931 A.

203 2939 339 2975 saeculi
376 2940 454 2975 sola
492 2941 607 2986 major
636 2946 693 2976 est
724 2942 823 2976 senis
855 2941 967 2976 obsti·
1038 2941 1185 2984 Hirsch,
1200 2943 1230 2973 A
1248 2942 1343 2974 Book
1355 2942 1545 2984 ofssssatss‚
1558 2941 1660 2986 1905,
1674 2954 1708 2989 p.
1724 2944 1801 2978 101.

203 2987 338 3022 natio.’'
386 2989 513 3031 Miyrw,
532 2988 602 3023 vol.
621 2988 755 3023 clxxvi.
773 3000 803 3024 c.
823 2990 926 3023 1064.
1036 2987 1115 3022 The
1158 2967 1265 3021 three
1308 2987 1440 3021 named
1486 2988 1532 3033 by
1573 2988 1650 3023 him
1691 2990 1802 3035 being

1037 3033 1204 3078 Angelus
1241 3033 1287 3068 de
1323 3034 1489 3077 Besutio,
1524 3035 1610 3070 Pius
1648 3036 1801 3073 Hieron.

249 3079 276 3099 ⁴⁹
293 3086 364 3115 tres
392 3082 471 3116 viri.
523 3081 561 3116 P.
590 3080 761 3117 declax-ed
791 3082 875 3117 that
901 3082 967 3117 the
1038 3080 1222 3125 Balduug,
1242 3079 1314 3114 and
1332 3080 1439 3126 Greg.
1458 3081 1603 3117 Reisch.

202 3128 413 3173 quotations
447 3129 485 3162 in
519 3128 583 3163 the
611 3130 846 3173 Ilandspieyel
872 3140 967 3164 were
1083 3126 1113 3146 ⁵²
1133 3130 1161 3159 (τ’
1163 3129 1280 3162 eaesi:
1304 3128 1391 3161 xviii
1422 3128 1454 3162 2.

973 3188 1066 3234 175

1822 1043 1860 1072 45

1825 1375 1862 1404 50

1828 1709 1865 1739 55

1830 2042 1868 2072 60
