<?xml version="1.0" encoding="UTF-8"?>
<!DOCTYPE html PUBLIC "-//W3C//DTD XHTML 1.0 Transitional//EN"
    "http://www.w3.org/TR/xhtml1/DTD/xhtml1-transitional.dtd">
<html xmlns="http://www.w3.org/1999/xhtml" xml:lang="en" lang="en">
 <head>
  <title>
</title>
<meta http-equiv="Content-Type" content="text/html;charset=utf-8" />
  <meta name='ocr-system' content='tesseract 3.04.00' />
  <meta name='ocr-capabilities' content='ocr_page ocr_carea ocr_par ocr_line ocrx_word'/>
</head>
<body>
  <div class='ocr_page' id='page_1' title='image "./epistolaeobscuro00huttuoft_0396.png"; bbox 0 0 2247 3637; ppageno 0'>
   <div class='ocr_carea' id='block_1_1' title="bbox 316 1352 354 1381">
    <p class='ocr_par' dir='ltr' id='par_1_1' title="bbox 316 1352 354 1381">
     <span class='ocr_line' id='line_1_1' title="bbox 316 1352 354 1381; baseline -0.026 0"><span class='ocrx_word' id='word_1_1' title='bbox 316 1352 354 1381; x_wconf 88' lang='lat'>10</span> 
     </span>
    </p>
   </div>
   <div class='ocr_carea' id='block_1_2' title="bbox 319 1686 356 1715">
    <p class='ocr_par' dir='ltr' id='par_1_2' title="bbox 319 1686 356 1715">
     <span class='ocr_line' id='line_1_2' title="bbox 319 1686 356 1715; baseline 0 0"><span class='ocrx_word' id='word_1_2' title='bbox 319 1686 356 1715; x_wconf 87' lang='lat'>15</span> 
     </span>
    </p>
   </div>
   <div class='ocr_carea' id='block_1_3' title="bbox 318 2021 356 2050">
    <p class='ocr_par' dir='ltr' id='par_1_3' title="bbox 318 2021 356 2050">
     <span class='ocr_line' id='line_1_3' title="bbox 318 2021 356 2050; baseline -0.026 0"><span class='ocrx_word' id='word_1_3' title='bbox 318 2021 356 2050; x_wconf 88' lang='grc'>20</span> 
     </span>
    </p>
   </div>
   <div class='ocr_carea' id='block_1_4' title="bbox 321 2359 358 2387">
    <p class='ocr_par' dir='ltr' id='par_1_4' title="bbox 321 2359 358 2387">
     <span class='ocr_line' id='line_1_4' title="bbox 321 2359 358 2387; baseline 0 0"><span class='ocrx_word' id='word_1_4' title='bbox 321 2359 358 2387; x_wconf 83' lang='grc'>25</span> 
     </span>
    </p>
   </div>
   <div class='ocr_carea' id='block_1_5' title="bbox 320 2698 358 2728">
    <p class='ocr_par' dir='ltr' id='par_1_5' title="bbox 320 2698 358 2728">
     <span class='ocr_line' id='line_1_5' title="bbox 320 2698 358 2728; baseline -0.026 0"><span class='ocrx_word' id='word_1_5' title='bbox 320 2698 358 2728; x_wconf 88' lang='lat'>30</span> 
     </span>
    </p>
   </div>
   <div class='ocr_carea' id='block_1_6' title="bbox 387 291 1977 352">
    <p class='ocr_par' dir='ltr' id='par_1_6' title="bbox 387 291 1977 352">
     <span class='ocr_line' id='line_1_6' title="bbox 387 291 1977 352; baseline -0.004 0"><span class='ocrx_word' id='word_1_6' title='bbox 387 294 857 352; x_wconf 80' lang='lat' dir='ltr'><strong>EPISTOLAE</strong></span> <span class='ocrx_word' id='word_1_7' title='bbox 922 292 1512 351; x_wconf 81' lang='lat' dir='ltr'>OBSCURORUM</span> <span class='ocrx_word' id='word_1_8' title='bbox 1567 291 1977 347; x_wconf 86' lang='lat' dir='ltr'>VIRORUM</span> 
     </span>
    </p>
   </div>
   <div class='ocr_carea' id='block_1_7' title="bbox 1129 535 1236 582">
    <p class='ocr_par' dir='ltr' id='par_1_7' title="bbox 1129 535 1236 582">
     <span class='ocr_line' id='line_1_7' title="bbox 1129 535 1236 582; baseline 0 0"><span class='ocrx_word' id='word_1_9' title='bbox 1129 535 1236 582; x_wconf 90' lang='lat' dir='ltr'>LX</span> 
     </span>
    </p>
   </div>
   <div class='ocr_carea' id='block_1_8' title="bbox 606 667 1762 783">
    <p class='ocr_par' dir='ltr' id='par_1_8' title="bbox 606 667 1762 783">
     <span class='ocr_line' id='line_1_8' title="bbox 606 667 1762 717; baseline -0.003 0"><span class='ocrx_word' id='word_1_10' title='bbox 606 669 669 717; x_wconf 74' lang='grc' dir='ltr'>ΙΙ</span> <span class='ocrx_word' id='word_1_11' title='bbox 705 670 784 716; x_wconf 78' lang='lat' dir='ltr'>M.</span> <span class='ocrx_word' id='word_1_12' title='bbox 836 668 1349 716; x_wconf 79' lang='lat' dir='ltr'><em>WERNHERUS</em></span> <span class='ocrx_word' id='word_1_13' title='bbox 1379 667 1762 714; x_wconf 79' lang='lat' dir='ltr'><em>STOMPFF</em></span> 
     </span>
     <span class='ocr_line' id='line_1_9' title="bbox 806 733 1545 783; baseline 0 -1"><span class='ocrx_word' id='word_1_14' title='bbox 806 736 884 783; x_wconf 82' lang='lat' dir='ltr'>M.</span> <span class='ocrx_word' id='word_1_15' title='bbox 928 736 1142 783; x_wconf 72' lang='lat' dir='ltr'>Ortw&#39;no</span> <span class='ocrx_word' id='word_1_16' title='bbox 1182 734 1370 783; x_wconf 72' lang='lat' dir='ltr'>Gratis)</span> <span class='ocrx_word' id='word_1_17' title='bbox 1406 733 1545 782; x_wconf 68' lang='lat' dir='ltr'>Sala.</span> 
     </span>
    </p>
   </div>
   <div class='ocr_carea' id='block_1_9' title="bbox 386 867 1986 2874">
    <p class='ocr_par' dir='ltr' id='par_1_9' title="bbox 386 867 1986 2874">
     <span class='ocr_line' id='line_1_10' title="bbox 483 867 1979 932; baseline -0.003 -15"><span class='ocrx_word' id='word_1_18' title='bbox 483 869 752 924; x_wconf 88' lang='lat' dir='ltr'>CIATIS,</span> <span class='ocrx_word' id='word_1_19' title='bbox 791 869 1063 932; x_wconf 88' lang='lat' dir='ltr'>magnifice</span> <span class='ocrx_word' id='word_1_20' title='bbox 1102 868 1193 924; x_wconf 91' lang='lat' dir='ltr'>vir,</span> <span class='ocrx_word' id='word_1_21' title='bbox 1236 868 1375 931; x_wconf 92' lang='lat' dir='ltr'>quod</span> <span class='ocrx_word' id='word_1_22' title='bbox 1417 867 1623 930; x_wconf 91' lang='lat' dir='ltr'>quando</span> <span class='ocrx_word' id='word_1_23' title='bbox 1665 867 1834 931; x_wconf 91' lang='lat' dir='ltr'>accepi</span> <span class='ocrx_word' id='word_1_24' title='bbox 1871 882 1979 914; x_wconf 89' lang='lat' dir='ltr'><strong>ves-</strong></span> 
     </span>
     <span class='ocr_line' id='line_1_11' title="bbox 525 933 1979 998; baseline -0.001 -15"><span class='ocrx_word' id='word_1_25' title='bbox 525 942 661 984; x_wconf 89' lang='lat' dir='ltr'>tram</span> <span class='ocrx_word' id='word_1_26' title='bbox 693 936 911 991; x_wconf 80' lang='lat' dir='ltr'><strong>literam,</strong></span> <span class='ocrx_word' id='word_1_27' title='bbox 943 952 1039 998; x_wconf 91' lang='lat' dir='ltr'>ego</span> <span class='ocrx_word' id='word_1_28' title='bbox 1070 935 1144 983; x_wconf 89' lang='lat' dir='ltr'>fui</span> <span class='ocrx_word' id='word_1_29' title='bbox 1177 935 1249 982; x_wconf 91' lang='lat' dir='ltr'>ita</span> <span class='ocrx_word' id='word_1_30' title='bbox 1280 933 1576 998; x_wconf 90' lang='lat' dir='ltr'>perterritus</span> <span class='ocrx_word' id='word_1_31' title='bbox 1613 940 1868 997; x_wconf 89' lang='lat' dir='ltr'>quantum</span> <span class='ocrx_word' id='word_1_32' title='bbox 1902 939 1979 982; x_wconf 90' lang='lat' dir='ltr'>est</span> 
     </span>
     <span class='ocr_line' id='line_1_12' title="bbox 388 1001 1979 1068; baseline -0.002 -17"><span class='ocrx_word' id='word_1_33' title='bbox 388 1002 626 1068; x_wconf 91' lang='lat' dir='ltr'>possibile</span> <span class='ocrx_word' id='word_1_34' title='bbox 661 1009 713 1050; x_wconf 92' lang='lat' dir='ltr'>et</span> <span class='ocrx_word' id='word_1_35' title='bbox 749 1002 822 1049; x_wconf 88' lang='lat' dir='ltr'>fui</span> <span class='ocrx_word' id='word_1_36' title='bbox 858 1002 1043 1049; x_wconf 90' lang='lat' dir='ltr'>rubeus</span> <span class='ocrx_word' id='word_1_37' title='bbox 1079 1002 1132 1049; x_wconf 90' lang='lat' dir='ltr'>in</span> <span class='ocrx_word' id='word_1_38' title='bbox 1172 1001 1315 1058; x_wconf 89' lang='lat' dir='ltr'>facie,</span> <span class='ocrx_word' id='word_1_39' title='bbox 1353 1007 1406 1049; x_wconf 93' lang='lat' dir='ltr'>et</span> <span class='ocrx_word' id='word_1_40' title='bbox 1448 1001 1609 1049; x_wconf 85' lang='lat' dir='ltr'>crines</span> <span class='ocrx_word' id='word_1_41' title='bbox 1652 1006 1979 1049; x_wconf 89' lang='lat' dir='ltr'>surrexerunt</span> 
     </span>
     <span class='ocr_line' id='line_1_13' title="bbox 388 1067 1979 1131; baseline -0.003 -13"><span class='ocrx_word' id='word_1_42' title='bbox 388 1070 527 1119; x_wconf 90' lang='lat' dir='ltr'>mihi.</span> <span class='ocrx_word' id='word_1_43' title='bbox 601 1070 675 1117; x_wconf 91' lang='lat' dir='ltr'>Et</span> <span class='ocrx_word' id='word_1_44' title='bbox 701 1069 851 1116; x_wconf 89' lang='lat' dir='ltr'>credo</span> <span class='ocrx_word' id='word_1_45' title='bbox 876 1069 1014 1131; x_wconf 92' lang='lat' dir='ltr'>quod</span> <span class='ocrx_word' id='word_1_46' title='bbox 1040 1069 1126 1116; x_wconf 87' lang='lat' dir='ltr'>vix</span> <span class='ocrx_word' id='word_1_47' title='bbox 1150 1075 1358 1117; x_wconf 92' lang='lat' dir='ltr'>tantum</span> <span class='ocrx_word' id='word_1_48' title='bbox 1381 1068 1455 1115; x_wconf 88' lang='lat' dir='ltr'>fui</span> <span class='ocrx_word' id='word_1_49' title='bbox 1480 1069 1532 1115; x_wconf 94' lang='lat' dir='ltr'>in</span> <span class='ocrx_word' id='word_1_50' title='bbox 1560 1068 1745 1116; x_wconf 90' lang='lat' dir='ltr'>timore</span> <span class='ocrx_word' id='word_1_51' title='bbox 1773 1067 1979 1131; x_wconf 89' lang='lat' dir='ltr'>quando</span> 
     </span>
     <span class='ocr_line' id='line_1_14' title="bbox 386 1135 1980 1192; baseline -0.001 -7"><span class='ocrx_word' id='word_1_52' title='bbox 386 1138 461 1185; x_wconf 86' lang='lat' dir='ltr'>fui</span> <span class='ocrx_word' id='word_1_53' title='bbox 486 1137 538 1184; x_wconf 92' lang='lat' dir='ltr'>in</span> <span class='ocrx_word' id='word_1_54' title='bbox 562 1137 719 1184; x_wconf 91' lang='lat' dir='ltr'>rubea</span> <span class='ocrx_word' id='word_1_55' title='bbox 744 1136 961 1183; x_wconf 89' lang='lat' dir='ltr'>Camera</span> <span class='ocrx_word' id='word_1_56' title='bbox 987 1135 1245 1192; x_wconf 83' lang='lat' dir='ltr'>Coloniae,</span> <span class='ocrx_word' id='word_1_57' title='bbox 1270 1135 1539 1183; x_wconf 91' lang='lat' dir='ltr'>intendens</span> <span class='ocrx_word' id='word_1_58' title='bbox 1563 1135 1669 1183; x_wconf 92' lang='lat' dir='ltr'>fieri</span> <span class='ocrx_word' id='word_1_59' title='bbox 1696 1135 1980 1183; x_wconf 90' lang='lat' dir='ltr'>bacularius</span> 
     </span>
     <span class='ocr_line' id='line_1_15' title="bbox 388 1202 1979 1259; baseline -0.001 -8"><span class='ocrx_word' id='word_1_60' title='bbox 388 1211 440 1252; x_wconf 90' lang='lat' dir='ltr'>et</span> <span class='ocrx_word' id='word_1_61' title='bbox 465 1203 735 1251; x_wconf 90' lang='lat' dir='ltr'>subiiciens</span> <span class='ocrx_word' id='word_1_62' title='bbox 760 1219 842 1250; x_wconf 91' lang='lat' dir='ltr'>me</span> <span class='ocrx_word' id='word_1_63' title='bbox 868 1203 1118 1250; x_wconf 81' lang='lat' dir='ltr'>examini:</span> <span class='ocrx_word' id='word_1_64' title='bbox 1153 1203 1290 1258; x_wconf 91' lang='lat' dir='ltr'>Quia</span> <span class='ocrx_word' id='word_1_65' title='bbox 1313 1209 1439 1250; x_wconf 90' lang='lat' dir='ltr'>tunc</span> <span class='ocrx_word' id='word_1_66' title='bbox 1464 1202 1619 1250; x_wconf 89' lang='lat' dir='ltr'>etiam</span> <span class='ocrx_word' id='word_1_67' title='bbox 1640 1202 1787 1250; x_wconf 91' lang='lat' dir='ltr'>valde</span> <span class='ocrx_word' id='word_1_68' title='bbox 1811 1202 1979 1259; x_wconf 92' lang='lat' dir='ltr'>timui,</span> 
     </span>
     <span class='ocr_line' id='line_1_16' title="bbox 388 1269 1979 1334; baseline -0.001 -16"><span class='ocrx_word' id='word_1_69' title='bbox 388 1271 526 1334; x_wconf 93' lang='lat' dir='ltr'>quod</span> <span class='ocrx_word' id='word_1_70' title='bbox 574 1270 840 1318; x_wconf 91' lang='lat' dir='ltr'>reiicerent</span> <span class='ocrx_word' id='word_1_71' title='bbox 887 1286 970 1317; x_wconf 90' lang='lat' dir='ltr'>me</span> <span class='ocrx_word' id='word_1_72' title='bbox 1017 1269 1212 1317; x_wconf 92' lang='lat' dir='ltr'>domini</span> <span class='ocrx_word' id='word_1_73' title='bbox 1271 1269 1656 1318; x_wconf 76' lang='lat' dir='ltr'>examinatores.</span> <span class='ocrx_word' id='word_1_74' title='bbox 1749 1269 1979 1317; x_wconf 89' lang='lat' dir='ltr'>Scribitis</span> 
     </span>
     <span class='ocr_line' id='line_1_17' title="bbox 388 1336 1979 1401; baseline -0.001 -16"><span class='ocrx_word' id='word_1_75' title='bbox 388 1337 513 1386; x_wconf 91' lang='lat' dir='ltr'>mihi</span> <span class='ocrx_word' id='word_1_76' title='bbox 537 1337 677 1401; x_wconf 92' lang='lat' dir='ltr'>quod</span> <span class='ocrx_word' id='word_1_77' title='bbox 703 1353 852 1384; x_wconf 90' lang='lat' dir='ltr'>causa</span> <span class='ocrx_word' id='word_1_78' title='bbox 885 1336 1003 1384; x_wconf 90' lang='lat' dir='ltr'>fidei</span> <span class='ocrx_word' id='word_1_79' title='bbox 1032 1337 1164 1385; x_wconf 90' lang='lat' dir='ltr'>male</span> <span class='ocrx_word' id='word_1_80' title='bbox 1201 1343 1302 1384; x_wconf 85' lang='lat' dir='ltr'>stat</span> <span class='ocrx_word' id='word_1_81' title='bbox 1338 1338 1552 1384; x_wconf 84' lang='lat' dir='ltr'>Romae.</span> <span class='ocrx_word' id='word_1_82' title='bbox 1627 1337 1815 1384; x_wconf 89' lang='lat' dir='ltr'>Sancte</span> <span class='ocrx_word' id='word_1_83' title='bbox 1839 1337 1979 1393; x_wconf 90' lang='lat' dir='ltr'>deus,</span> 
     </span>
     <span class='ocr_line' id='line_1_18' title="bbox 387 1403 1980 1468; baseline -0.001 -16"><span class='ocrx_word' id='word_1_84' title='bbox 387 1405 512 1468; x_wconf 91' lang='lat' dir='ltr'>quid</span> <span class='ocrx_word' id='word_1_85' title='bbox 553 1404 800 1452; x_wconf 86' lang='lat' dir='ltr'>debemus</span> <span class='ocrx_word' id='word_1_86' title='bbox 843 1404 1021 1451; x_wconf 82' lang='lat' dir='ltr'>dicere.</span> <span class='ocrx_word' id='word_1_87' title='bbox 1108 1403 1203 1451; x_wconf 90' lang='lat' dir='ltr'>Isti</span> <span class='ocrx_word' id='word_1_88' title='bbox 1243 1403 1449 1451; x_wconf 90' lang='lat' dir='ltr'>iuristae</span> <span class='ocrx_word' id='word_1_89' title='bbox 1486 1410 1537 1451; x_wconf 89' lang='lat' dir='ltr'>et</span> <span class='ocrx_word' id='word_1_90' title='bbox 1579 1410 1762 1468; x_wconf 87' lang='lat' dir='ltr'>poetae</span> <span class='ocrx_word' id='word_1_91' title='bbox 1798 1404 1980 1451; x_wconf 85' lang='lat' dir='ltr'>volunt</span> 
     </span>
     <span class='ocr_line' id='line_1_19' title="bbox 387 1470 1980 1535; baseline -0.001 -15"><span class='ocrx_word' id='word_1_92' title='bbox 387 1473 646 1523; x_wconf 85' lang='lat' dir='ltr'>destruere</span> <span class='ocrx_word' id='word_1_93' title='bbox 661 1478 829 1519; x_wconf 88' lang='lat' dir='ltr'>totam</span> <span class='ocrx_word' id='word_1_94' title='bbox 849 1470 1150 1518; x_wconf 73' lang='lat' dir='ltr'>facultatem</span> <span class='ocrx_word' id='word_1_95' title='bbox 1166 1470 1485 1518; x_wconf 88' lang='lat' dir='ltr'>Artistarum</span> <span class='ocrx_word' id='word_1_96' title='bbox 1502 1477 1553 1518; x_wconf 91' lang='lat' dir='ltr'>et</span> <span class='ocrx_word' id='word_1_97' title='bbox 1569 1471 1952 1535; x_wconf 83' lang='lat' dir='ltr'>Theologorum</span> <span class='ocrx_word' id='word_1_98' title='bbox 1970 1488 1980 1519; x_wconf 78' lang='lat' dir='ltr'><em>z</em></span> 
     </span>
     <span class='ocr_line' id='line_1_20' title="bbox 389 1537 1981 1602; baseline 0.001 -17"><span class='ocrx_word' id='word_1_99' title='bbox 389 1539 527 1595; x_wconf 92' lang='lat' dir='ltr'>Quia</span> <span class='ocrx_word' id='word_1_100' title='bbox 561 1538 719 1587; x_wconf 91' lang='lat' dir='ltr'>etiam</span> <span class='ocrx_word' id='word_1_101' title='bbox 748 1537 828 1586; x_wconf 91' lang='lat' dir='ltr'>hic</span> <span class='ocrx_word' id='word_1_102' title='bbox 858 1538 911 1585; x_wconf 94' lang='lat' dir='ltr'>in</span> <span class='ocrx_word' id='word_1_103' title='bbox 941 1544 1113 1585; x_wconf 88' lang='lat' dir='ltr'>nostra</span> <span class='ocrx_word' id='word_1_104' title='bbox 1141 1538 1473 1586; x_wconf 86' lang='lat' dir='ltr'>universitate</span> <span class='ocrx_word' id='word_1_105' title='bbox 1509 1539 1603 1602; x_wconf 89' lang='lat' dir='ltr'>ipsi</span> <span class='ocrx_word' id='word_1_106' title='bbox 1639 1539 1981 1602; x_wconf 90' lang='lat' dir='ltr'>praetendunt</span> 
     </span>
     <span class='ocr_line' id='line_1_21' title="bbox 388 1604 1983 1669; baseline -0.001 -15"><span class='ocrx_word' id='word_1_107' title='bbox 388 1606 554 1654; x_wconf 87' lang='lat' dir='ltr'>multa</span> <span class='ocrx_word' id='word_1_108' title='bbox 570 1612 747 1653; x_wconf 90' lang='lat' dir='ltr'>contra</span> <span class='ocrx_word' id='word_1_109' title='bbox 767 1604 1046 1668; x_wconf 84' lang='lat' dir='ltr'>Magistros</span> <span class='ocrx_word' id='word_1_110' title='bbox 1065 1611 1116 1652; x_wconf 91' lang='lat' dir='ltr'>et</span> <span class='ocrx_word' id='word_1_111' title='bbox 1137 1604 1439 1668; x_wconf 88' lang='lat' dir='ltr'>Theologos.</span> <span class='ocrx_word' id='word_1_112' title='bbox 1502 1605 1575 1653; x_wconf 89' lang='lat' dir='ltr'>Et</span> <span class='ocrx_word' id='word_1_113' title='bbox 1594 1606 1804 1669; x_wconf 88' lang='lat' dir='ltr'>quidam</span> <span class='ocrx_word' id='word_1_114' title='bbox 1821 1622 1983 1669; x_wconf 89' lang='lat' dir='ltr'>nuper</span> 
     </span>
     <span class='ocr_line' id='line_1_22' title="bbox 387 1671 1982 1736; baseline 0 -16"><span class='ocrx_word' id='word_1_115' title='bbox 387 1672 519 1721; x_wconf 87' lang='lat' dir='ltr'>dixit</span> <span class='ocrx_word' id='word_1_116' title='bbox 542 1673 681 1736; x_wconf 90' lang='lat' dir='ltr'>quod</span> <span class='ocrx_word' id='word_1_117' title='bbox 706 1689 838 1720; x_wconf 90' lang='lat' dir='ltr'>unus</span> <span class='ocrx_word' id='word_1_118' title='bbox 870 1671 1153 1720; x_wconf 87' lang='lat' dir='ltr'>bacularius</span> <span class='ocrx_word' id='word_1_119' title='bbox 1186 1672 1316 1719; x_wconf 91' lang='lat' dir='ltr'>Iuris</span> <span class='ocrx_word' id='word_1_120' title='bbox 1344 1671 1552 1720; x_wconf 85' lang='lat' dir='ltr'>deberet</span> <span class='ocrx_word' id='word_1_121' title='bbox 1583 1672 1633 1719; x_wconf 88' lang='lat' dir='ltr'>in</span> <span class='ocrx_word' id='word_1_122' title='bbox 1663 1673 1982 1736; x_wconf 83' lang='lat' dir='ltr'>processione</span> 
     </span>
     <span class='ocr_line' id='line_1_23' title="bbox 389 1739 1983 1803; baseline 0 -16"><span class='ocrx_word' id='word_1_123' title='bbox 389 1741 459 1787; x_wconf 91' lang='lat' dir='ltr'>ire</span> <span class='ocrx_word' id='word_1_124' title='bbox 486 1756 634 1803; x_wconf 93' lang='lat' dir='ltr'>super</span> <span class='ocrx_word' id='word_1_125' title='bbox 660 1757 821 1787; x_wconf 90' lang='lat' dir='ltr'>unum</span> <span class='ocrx_word' id='word_1_126' title='bbox 846 1739 1147 1803; x_wconf 87' lang='lat' dir='ltr'>magistrum</span> <span class='ocrx_word' id='word_1_127' title='bbox 1173 1739 1223 1786; x_wconf 91' lang='lat' dir='ltr'>in</span> <span class='ocrx_word' id='word_1_128' title='bbox 1248 1739 1483 1787; x_wconf 89' lang='lat' dir='ltr'>Artibus.</span> <span class='ocrx_word' id='word_1_129' title='bbox 1546 1739 1674 1787; x_wconf 89' lang='lat' dir='ltr'>Dixi</span> <span class='ocrx_word' id='word_1_130' title='bbox 1713 1748 1740 1766; x_wconf 70' lang='lat'>‘⁶</span> <span class='ocrx_word' id='word_1_131' title='bbox 1759 1740 1854 1787; x_wconf 86' lang='lat' dir='ltr'>hoc</span> <span class='ocrx_word' id='word_1_132' title='bbox 1881 1756 1983 1787; x_wconf 91' lang='lat' dir='ltr'>non</span> 
     </span>
     <span class='ocr_line' id='line_1_24' title="bbox 391 1806 1982 1871; baseline -0.001 -16"><span class='ocrx_word' id='word_1_133' title='bbox 391 1814 468 1855; x_wconf 88' lang='lat' dir='ltr'>est</span> <span class='ocrx_word' id='word_1_134' title='bbox 514 1807 765 1871; x_wconf 86' lang='lat' dir='ltr'>possibile.</span> <span class='ocrx_word' id='word_1_135' title='bbox 853 1806 991 1862; x_wconf 90' lang='lat' dir='ltr'>Quia</span> <span class='ocrx_word' id='word_1_136' title='bbox 1037 1806 1153 1853; x_wconf 92' lang='lat' dir='ltr'>volo</span> <span class='ocrx_word' id='word_1_137' title='bbox 1200 1806 1413 1870; x_wconf 91' lang='lat' dir='ltr'>probare</span> <span class='ocrx_word' id='word_1_138' title='bbox 1459 1807 1598 1869; x_wconf 89' lang='lat' dir='ltr'>quod</span> <span class='ocrx_word' id='word_1_139' title='bbox 1645 1806 1883 1870; x_wconf 84' lang='lat' dir='ltr'>Magistri</span> <span class='ocrx_word' id='word_1_140' title='bbox 1930 1807 1982 1854; x_wconf 91' lang='lat' dir='ltr'>in</span> 
     </span>
     <span class='ocr_line' id='line_1_25' title="bbox 392 1873 1982 1937; baseline 0.001 -17"><span class='ocrx_word' id='word_1_141' title='bbox 392 1873 583 1921; x_wconf 90' lang='lat' dir='ltr'>artibus</span> <span class='ocrx_word' id='word_1_142' title='bbox 618 1880 736 1921; x_wconf 91' lang='lat' dir='ltr'>sunt</span> <span class='ocrx_word' id='word_1_143' title='bbox 766 1890 916 1937; x_wconf 90' lang='lat' dir='ltr'>super</span> <span class='ocrx_word' id='word_1_144' title='bbox 944 1874 1176 1921; x_wconf 88' lang='lat' dir='ltr'>doctores</span> <span class='ocrx_word' id='word_1_145' title='bbox 1212 1873 1263 1920; x_wconf 91' lang='lat' dir='ltr'>in</span> <span class='ocrx_word' id='word_1_146' title='bbox 1298 1873 1418 1920; x_wconf 90' lang='lat' dir='ltr'>iure.</span> <span class='ocrx_word' id='word_1_147' title='bbox 1493 1873 1630 1928; x_wconf 82' lang='lat' dir='ltr'>Quia</span> <span class='ocrx_word' id='word_1_148' title='bbox 1665 1874 1897 1921; x_wconf 88' lang='lat' dir='ltr'>doctores</span> <span class='ocrx_word' id='word_1_149' title='bbox 1930 1873 1982 1921; x_wconf 91' lang='lat' dir='ltr'>in</span> 
     </span>
     <span class='ocr_line' id='line_1_26' title="bbox 390 1940 1981 1996; baseline -0.001 -8"><span class='ocrx_word' id='word_1_150' title='bbox 390 1941 498 1989; x_wconf 92' lang='lat' dir='ltr'>iure</span> <span class='ocrx_word' id='word_1_151' title='bbox 534 1941 701 1988; x_wconf 91' lang='lat' dir='ltr'>sciunt</span> <span class='ocrx_word' id='word_1_152' title='bbox 736 1947 943 1987; x_wconf 89' lang='lat' dir='ltr'>tantum</span> <span class='ocrx_word' id='word_1_153' title='bbox 979 1957 1136 1987; x_wconf 89' lang='lat' dir='ltr'>unam</span> <span class='ocrx_word' id='word_1_154' title='bbox 1175 1941 1377 1996; x_wconf 85' lang='lat' dir='ltr'>Artem,</span> <span class='ocrx_word' id='word_1_155' title='bbox 1405 1940 1594 1988; x_wconf 89' lang='lat' dir='ltr'>scilicet</span> <span class='ocrx_word' id='word_1_156' title='bbox 1632 1947 1796 1988; x_wconf 85' lang='lat' dir='ltr'>artem</span> <span class='ocrx_word' id='word_1_157' title='bbox 1835 1940 1981 1996; x_wconf 91' lang='lat' dir='ltr'>Iuris,</span> 
     </span>
     <span class='ocr_line' id='line_1_27' title="bbox 394 2007 1982 2071; baseline -0.001 -15"><span class='ocrx_word' id='word_1_158' title='bbox 394 2008 494 2056; x_wconf 91' lang='lat' dir='ltr'>Sed</span> <span class='ocrx_word' id='word_1_159' title='bbox 514 2007 744 2071; x_wconf 83' lang='lat' dir='ltr'>magistri</span> <span class='ocrx_word' id='word_1_160' title='bbox 765 2013 883 2055; x_wconf 87' lang='lat' dir='ltr'>sunt</span> <span class='ocrx_word' id='word_1_161' title='bbox 907 2007 1142 2071; x_wconf 88' lang='lat' dir='ltr'>Magistri</span> <span class='ocrx_word' id='word_1_162' title='bbox 1160 2007 1211 2054; x_wconf 93' lang='lat' dir='ltr'>in</span> <span class='ocrx_word' id='word_1_163' title='bbox 1231 2013 1429 2071; x_wconf 89' lang='lat' dir='ltr'>septem</span> <span class='ocrx_word' id='word_1_164' title='bbox 1448 2008 1640 2055; x_wconf 90' lang='lat' dir='ltr'>artibus</span> <span class='ocrx_word' id='word_1_165' title='bbox 1664 2008 1952 2056; x_wconf 86' lang='lat' dir='ltr'>liberalibus</span> <span class='ocrx_word' id='word_1_166' title='bbox 1972 2025 1982 2055; x_wconf 72' lang='grc' dir='ltr'>ε</span> 
     </span>
     <span class='ocr_line' id='line_1_28' title="bbox 392 2074 1982 2138; baseline -0.001 -15"><span class='ocrx_word' id='word_1_167' title='bbox 392 2082 444 2123; x_wconf 88' lang='lat' dir='ltr'>et</span> <span class='ocrx_word' id='word_1_168' title='bbox 469 2075 537 2123; x_wconf 88' lang='lat' dir='ltr'>sic</span> <span class='ocrx_word' id='word_1_169' title='bbox 563 2075 731 2122; x_wconf 88' lang='lat' dir='ltr'>sciunt</span> <span class='ocrx_word' id='word_1_170' title='bbox 755 2074 913 2138; x_wconf 80' lang='lat' dir='ltr'>plus.&#39;&#39;</span> <span class='ocrx_word' id='word_1_171' title='bbox 984 2075 1131 2122; x_wconf 85' lang='lat' dir='ltr'>Tunc</span> <span class='ocrx_word' id='word_1_172' title='bbox 1155 2074 1239 2122; x_wconf 91' lang='lat' dir='ltr'>ille</span> <span class='ocrx_word' id='word_1_173' title='bbox 1263 2074 1422 2122; x_wconf 88' lang='lat' dir='ltr'>dixit:</span> <span class='ocrx_word' id='word_1_174' title='bbox 1461 2082 1488 2100; x_wconf 86' lang='lat'><strong>“</strong></span> <span class='ocrx_word' id='word_1_175' title='bbox 1510 2075 1652 2122; x_wconf 81' lang='lat' dir='ltr'>Vade</span> <span class='ocrx_word' id='word_1_176' title='bbox 1677 2076 1727 2122; x_wconf 93' lang='lat' dir='ltr'>in</span> <span class='ocrx_word' id='word_1_177' title='bbox 1761 2074 1982 2130; x_wconf 90' lang='lat' dir='ltr'>Italiam,</span> 
     </span>
     <span class='ocr_line' id='line_1_29' title="bbox 392 2141 1983 2205; baseline -0.001 -15"><span class='ocrx_word' id='word_1_178' title='bbox 392 2149 445 2190; x_wconf 90' lang='lat' dir='ltr'>et</span> <span class='ocrx_word' id='word_1_179' title='bbox 469 2142 549 2189; x_wconf 90' lang='lat' dir='ltr'>dic</span> <span class='ocrx_word' id='word_1_180' title='bbox 579 2142 717 2204; x_wconf 90' lang='lat' dir='ltr'>quod</span> <span class='ocrx_word' id='word_1_181' title='bbox 748 2158 798 2188; x_wconf 91' lang='lat' dir='ltr'>es</span> <span class='ocrx_word' id='word_1_182' title='bbox 830 2141 1078 2204; x_wconf 89' lang='lat' dir='ltr'>Magister</span> <span class='ocrx_word' id='word_1_183' title='bbox 1110 2141 1383 2205; x_wconf 81' lang='lat' dir='ltr'>LipsensiS‚</span> <span class='ocrx_word' id='word_1_184' title='bbox 1414 2147 1467 2189; x_wconf 90' lang='lat' dir='ltr'>et</span> <span class='ocrx_word' id='word_1_185' title='bbox 1498 2141 1690 2189; x_wconf 88' lang='lat' dir='ltr'>videbis</span> <span class='ocrx_word' id='word_1_186' title='bbox 1723 2141 1983 2204; x_wconf 87' lang='lat' dir='ltr'>quomodo</span> 
     </span>
     <span class='ocr_line' id='line_1_30' title="bbox 392 2208 1983 2272; baseline -0.001 -16"><span class='ocrx_word' id='word_1_187' title='bbox 392 2209 654 2256; x_wconf 91' lang='lat' dir='ltr'>vexabunt</span> <span class='ocrx_word' id='word_1_188' title='bbox 687 2214 740 2255; x_wconf 92' lang='lat' dir='ltr'>te</span> <span class='ocrx_word' id='word_1_189' title='bbox 776 2208 886 2255; x_wconf 80' lang='lat' dir='ltr'>ibi.”</span> <span class='ocrx_word' id='word_1_190' title='bbox 958 2209 1104 2255; x_wconf 84' lang='lat' dir='ltr'>Tunc</span> <span class='ocrx_word' id='word_1_191' title='bbox 1141 2208 1261 2264; x_wconf 88' lang='lat' dir='ltr'>dixi,</span> <span class='ocrx_word' id='word_1_192' title='bbox 1299 2208 1437 2272; x_wconf 90' lang='lat' dir='ltr'>quod</span> <span class='ocrx_word' id='word_1_193' title='bbox 1474 2225 1675 2272; x_wconf 88' lang='lat' dir='ltr'>possem</span> <span class='ocrx_word' id='word_1_194' title='bbox 1711 2209 1877 2256; x_wconf 91' lang='lat' dir='ltr'>adhuc</span> <span class='ocrx_word' id='word_1_195' title='bbox 1913 2209 1983 2256; x_wconf 90' lang='lat' dir='ltr'>ita</span> 
     </span>
     <span class='ocr_line' id='line_1_31' title="bbox 393 2274 1980 2338; baseline -0.001 -15"><span class='ocrx_word' id='word_1_196' title='bbox 393 2277 521 2323; x_wconf 92' lang='lat' dir='ltr'>bene</span> <span class='ocrx_word' id='word_1_197' title='bbox 546 2275 816 2322; x_wconf 88' lang='lat' dir='ltr'>defendere</span> <span class='ocrx_word' id='word_1_198' title='bbox 841 2274 1191 2338; x_wconf 88' lang='lat' dir='ltr'>magisterium</span> <span class='ocrx_word' id='word_1_199' title='bbox 1216 2292 1391 2323; x_wconf 89' lang='lat' dir='ltr'>meum</span> <span class='ocrx_word' id='word_1_200' title='bbox 1417 2276 1547 2322; x_wconf 87' lang='lat' dir='ltr'>sicut</span> <span class='ocrx_word' id='word_1_201' title='bbox 1574 2292 1705 2323; x_wconf 88' lang='lat' dir='ltr'>unus</span> <span class='ocrx_word' id='word_1_202' title='bbox 1731 2292 1794 2322; x_wconf 91' lang='lat' dir='ltr'>ex</span> <span class='ocrx_word' id='word_1_203' title='bbox 1816 2275 1980 2323; x_wconf 89' lang='lat' dir='ltr'>ltalia.</span> 
     </span>
     <span class='ocr_line' id='line_1_32' title="bbox 393 2342 1986 2405; baseline 0 -15"><span class='ocrx_word' id='word_1_204' title='bbox 393 2343 466 2390; x_wconf 91' lang='lat' dir='ltr'>Et</span> <span class='ocrx_word' id='word_1_205' title='bbox 486 2342 620 2390; x_wconf 88' lang='lat' dir='ltr'>abivi</span> <span class='ocrx_word' id='word_1_206' title='bbox 640 2343 705 2389; x_wconf 94' lang='lat' dir='ltr'>ob</span> <span class='ocrx_word' id='word_1_207' title='bbox 725 2342 833 2404; x_wconf 90' lang='lat' dir='ltr'>[ab]</span> <span class='ocrx_word' id='word_1_208' title='bbox 853 2358 912 2388; x_wconf 92' lang='lat' dir='ltr'>eo</span> <span class='ocrx_word' id='word_1_209' title='bbox 938 2342 1166 2405; x_wconf 89' lang='lat' dir='ltr'>cogitans</span> <span class='ocrx_word' id='word_1_210' title='bbox 1192 2359 1398 2389; x_wconf 89' lang='lat' dir='ltr'>mecum</span> <span class='ocrx_word' id='word_1_211' title='bbox 1422 2343 1558 2405; x_wconf 91' lang='lat' dir='ltr'>quod</span> <span class='ocrx_word' id='word_1_212' title='bbox 1579 2343 1794 2390; x_wconf 84' lang='lat' dir='ltr'>facultas</span> <span class='ocrx_word' id='word_1_213' title='bbox 1814 2349 1986 2390; x_wconf 87' lang='lat' dir='ltr'>nostra</span> 
     </span>
     <span class='ocr_line' id='line_1_33' title="bbox 393 2408 1984 2473; baseline 0 -17"><span class='ocrx_word' id='word_1_214' title='bbox 393 2410 619 2457; x_wconf 87' lang='lat' dir='ltr'>multum</span> <span class='ocrx_word' id='word_1_215' title='bbox 644 2408 1044 2473; x_wconf 85' lang='lat' dir='ltr'>parvipenditur,</span> <span class='ocrx_word' id='word_1_216' title='bbox 1072 2415 1122 2456; x_wconf 94' lang='lat' dir='ltr'>et</span> <span class='ocrx_word' id='word_1_217' title='bbox 1152 2415 1229 2457; x_wconf 88' lang='lat' dir='ltr'>est</span> <span class='ocrx_word' id='word_1_218' title='bbox 1257 2409 1480 2458; x_wconf 90' lang='lat' dir='ltr'>malum:</span> <span class='ocrx_word' id='word_1_219' title='bbox 1518 2410 1637 2473; x_wconf 92' lang='lat' dir='ltr'>quia</span> <span class='ocrx_word' id='word_1_220' title='bbox 1670 2409 1899 2473; x_wconf 90' lang='lat' dir='ltr'>magistri</span> <span class='ocrx_word' id='word_1_221' title='bbox 1933 2410 1984 2457; x_wconf 89' lang='lat' dir='ltr'>in</span> 
     </span>
     <span class='ocr_line' id='line_1_34' title="bbox 392 2475 1984 2538; baseline -0.001 -14"><span class='ocrx_word' id='word_1_222' title='bbox 392 2476 585 2524; x_wconf 87' lang='lat' dir='ltr'>artibus</span> <span class='ocrx_word' id='word_1_223' title='bbox 634 2476 878 2523; x_wconf 89' lang='lat' dir='ltr'>deberent</span> <span class='ocrx_word' id='word_1_224' title='bbox 931 2492 1102 2538; x_wconf 88' lang='lat' dir='ltr'>regere</span> <span class='ocrx_word' id='word_1_225' title='bbox 1155 2475 1526 2532; x_wconf 87' lang='lat' dir='ltr'>universitates,</span> <span class='ocrx_word' id='word_1_226' title='bbox 1576 2493 1713 2523; x_wconf 90' lang='lat' dir='ltr'>nunc</span> <span class='ocrx_word' id='word_1_227' title='bbox 1769 2475 1984 2524; x_wconf 88' lang='lat' dir='ltr'>Iuristae</span> 
     </span>
     <span class='ocr_line' id='line_1_35' title="bbox 392 2542 1980 2607; baseline -0.001 -16"><span class='ocrx_word' id='word_1_228' title='bbox 392 2543 735 2607; x_wconf 89' lang='lat' dir='ltr'>praetendunt</span> <span class='ocrx_word' id='word_1_229' title='bbox 772 2558 853 2589; x_wconf 87' lang='lat' dir='ltr'>eas</span> <span class='ocrx_word' id='word_1_230' title='bbox 889 2542 1186 2605; x_wconf 89' lang='lat' dir='ltr'>gubernare,</span> <span class='ocrx_word' id='word_1_231' title='bbox 1212 2543 1351 2605; x_wconf 93' lang='lat' dir='ltr'>quod</span> <span class='ocrx_word' id='word_1_232' title='bbox 1388 2549 1465 2590; x_wconf 92' lang='lat' dir='ltr'>est</span> <span class='ocrx_word' id='word_1_233' title='bbox 1493 2543 1639 2590; x_wconf 90' lang='lat' dir='ltr'>valde</span> <span class='ocrx_word' id='word_1_234' title='bbox 1675 2543 1980 2591; x_wconf 88' lang='lat' dir='ltr'>indecenter.</span> 
     </span>
     <span class='ocr_line' id='line_1_36' title="bbox 393 2609 1984 2672; baseline -0.001 -14"><span class='ocrx_word' id='word_1_235' title='bbox 393 2611 465 2658; x_wconf 81' lang='lat' dir='ltr'>Et</span> <span class='ocrx_word' id='word_1_236' title='bbox 502 2610 618 2657; x_wconf 89' lang='lat' dir='ltr'>volo</span> <span class='ocrx_word' id='word_1_237' title='bbox 655 2626 743 2656; x_wconf 87' lang='lat' dir='ltr'>vos</span> <span class='ocrx_word' id='word_1_238' title='bbox 781 2609 1038 2656; x_wconf 89' lang='lat' dir='ltr'>consolare</span> <span class='ocrx_word' id='word_1_239' title='bbox 1074 2609 1213 2671; x_wconf 89' lang='lat' dir='ltr'>quod</span> <span class='ocrx_word' id='word_1_240' title='bbox 1255 2626 1357 2656; x_wconf 92' lang='lat' dir='ltr'>non</span> <span class='ocrx_word' id='word_1_241' title='bbox 1399 2609 1594 2656; x_wconf 88' lang='lat' dir='ltr'>debetis</span> <span class='ocrx_word' id='word_1_242' title='bbox 1634 2610 1891 2672; x_wconf 87' lang='lat' dir='ltr'>disputare</span> <span class='ocrx_word' id='word_1_243' title='bbox 1933 2610 1984 2657; x_wconf 92' lang='lat' dir='ltr'>in</span> 
     </span>
     <span class='ocr_line' id='line_1_37' title="bbox 393 2676 1981 2738; baseline -0.001 -14"><span class='ocrx_word' id='word_1_244' title='bbox 393 2694 543 2725; x_wconf 89' lang='lat' dir='ltr'>causa</span> <span class='ocrx_word' id='word_1_245' title='bbox 568 2677 698 2724; x_wconf 91' lang='lat' dir='ltr'>fidei.</span> <span class='ocrx_word' id='word_1_246' title='bbox 769 2676 907 2731; x_wconf 90' lang='lat' dir='ltr'>Quia</span> <span class='ocrx_word' id='word_1_247' title='bbox 932 2691 1076 2738; x_wconf 88' lang='lat' dir='ltr'>spero</span> <span class='ocrx_word' id='word_1_248' title='bbox 1101 2676 1240 2737; x_wconf 92' lang='lat' dir='ltr'>quod</span> <span class='ocrx_word' id='word_1_249' title='bbox 1265 2676 1389 2723; x_wconf 90' lang='lat' dir='ltr'>deus</span> <span class='ocrx_word' id='word_1_250' title='bbox 1415 2677 1542 2722; x_wconf 88' lang='lat' dir='ltr'>bene</span> <span class='ocrx_word' id='word_1_251' title='bbox 1567 2676 1852 2738; x_wconf 88' lang='lat' dir='ltr'>providebit</span> <span class='ocrx_word' id='word_1_252' title='bbox 1879 2693 1981 2724; x_wconf 90' lang='lat' dir='ltr'>vos.</span> 
     </span>
     <span class='ocr_line' id='line_1_38' title="bbox 392 2742 1986 2791; baseline 0 0"><span class='ocrx_word' id='word_1_253' title='bbox 392 2744 465 2791; x_wconf 91' lang='lat' dir='ltr'>Et</span> <span class='ocrx_word' id='word_1_254' title='bbox 499 2761 617 2791; x_wconf 93' lang='lat' dir='ltr'>cum</span> <span class='ocrx_word' id='word_1_255' title='bbox 646 2744 742 2791; x_wconf 89' lang='lat' dir='ltr'>hoc</span> <span class='ocrx_word' id='word_1_256' title='bbox 768 2742 952 2790; x_wconf 76' lang='lat' dir='ltr'>valete</span> <span class='ocrx_word' id='word_1_257' title='bbox 987 2748 1095 2789; x_wconf 89' lang='lat' dir='ltr'>tam</span> <span class='ocrx_word' id='word_1_258' title='bbox 1132 2742 1220 2788; x_wconf 91' lang='lat' dir='ltr'>diu</span> <span class='ocrx_word' id='word_1_259' title='bbox 1256 2742 1416 2789; x_wconf 90' lang='lat' dir='ltr'>donec</span> <span class='ocrx_word' id='word_1_260' title='bbox 1456 2742 1774 2790; x_wconf 85' lang='lat' dir='ltr'>Pfefferkorn</span> <span class='ocrx_word' id='word_1_261' title='bbox 1811 2749 1986 2791; x_wconf 89' lang='lat' dir='ltr'>manet</span> 
     </span>
     <span class='ocr_line' id='line_1_39' title="bbox 394 2808 1888 2874; baseline -0.001 -16"><span class='ocrx_word' id='word_1_262' title='bbox 394 2811 725 2859; x_wconf 89' lang='lat' dir='ltr'>Christianus.</span> <span class='ocrx_word' id='word_1_263' title='bbox 800 2810 1001 2856; x_wconf 86' lang='lat' dir='ltr'>Datum</span> <span class='ocrx_word' id='word_1_264' title='bbox 1028 2808 1263 2872; x_wconf 86' lang='lat' dir='ltr'>Liptzick</span> <span class='ocrx_word' id='word_1_265' title='bbox 1291 2808 1343 2855; x_wconf 93' lang='lat' dir='ltr'>in</span> <span class='ocrx_word' id='word_1_266' title='bbox 1369 2809 1598 2872; x_wconf 90' lang='lat' dir='ltr'>Collegio</span> <span class='ocrx_word' id='word_1_267' title='bbox 1625 2809 1888 2874; x_wconf 87' lang='lat' dir='ltr'>Principis.</span> 
     </span>
    </p>
   </div>
   <div class='ocr_carea' id='block_1_10' title="bbox 391 2906 1986 3000">
    <p class='ocr_par' dir='ltr' id='par_1_10' title="bbox 391 2906 1986 3000">
     <span class='ocr_line' id='line_1_40' title="bbox 437 2906 1986 2956; baseline 0.002 -13"><span class='ocrx_word' id='word_1_268' title='bbox 437 2909 448 2928; x_wconf 88' lang='lat'>⁷</span> <span class='ocrx_word' id='word_1_269' title='bbox 475 2922 637 2945; x_wconf 72' lang='lat' dir='ltr'>camera:</span> <span class='ocrx_word' id='word_1_270' title='bbox 674 2911 737 2944; x_wconf 80' lang='lat' dir='ltr'>the</span> <span class='ocrx_word' id='word_1_271' title='bbox 771 2909 1152 2944; x_wconf 76' lang='lat' dir='ltr'>examination-room.</span> <span class='ocrx_word' id='word_1_272' title='bbox 1269 2906 1296 2925; x_wconf 81' lang='lat'>²⁹</span> <span class='ocrx_word' id='word_1_273' title='bbox 1321 2910 1524 2950; x_wconf 75' lang='lat' dir='ltr'>disputare.-</span> <span class='ocrx_word' id='word_1_274' title='bbox 1585 2910 1752 2955; x_wconf 71' lang='lat' dir='ltr'>Biicking</span> <span class='ocrx_word' id='word_1_275' title='bbox 1814 2922 1986 2956; x_wconf 85' lang='lat' dir='ltr'>proposes</span> 
     </span>
     <span class='ocr_line' id='line_1_41' title="bbox 391 2957 1411 3000; baseline -0.003 -10"><span class='ocrx_word' id='word_1_276' title='bbox 391 2958 457 2992; x_wconf 81' lang='lat' dir='ltr'>See</span> <span class='ocrx_word' id='word_1_277' title='bbox 476 2959 497 2992; x_wconf 95' lang='lat' dir='ltr'>i.</span> <span class='ocrx_word' id='word_1_278' title='bbox 519 2957 575 3000; x_wconf 89' lang='lat'>17,</span> <span class='ocrx_word' id='word_1_279' title='bbox 594 2969 627 2991; x_wconf 78' lang='lat' dir='ltr'>u.</span> <span class='ocrx_word' id='word_1_280' title='bbox 1222 2957 1411 2998; x_wconf 70' lang='lat' dir='ltr'>desperare.</span> 
     </span>
    </p>
   </div>
   <div class='ocr_carea' id='block_1_11' title="bbox 1151 3225 1248 3267">
    <p class='ocr_par' dir='ltr' id='par_1_11' title="bbox 1151 3225 1248 3267">
     <span class='ocr_line' id='line_1_42' title="bbox 1151 3225 1248 3267; baseline 0.01 -1"><span class='ocrx_word' id='word_1_281' title='bbox 1151 3225 1248 3267; x_wconf 84' lang='lat'>258</span> 
     </span>
    </p>
   </div>
  </div>
 </body>
</html>
