2247 3637
348 527 387 556 20

345 861 385 891 25

343 1194 383 1225 30

341 1529 382 1560 35

341 1870 382 1900 40

343 2204 381 2234 45

343 2537 381 2568 50

423 266 894 323 EPISTOLAE
955 265 1546 324 OBSCURORUM
1599 265 2010 322 VIRORUM

419 375 606 439 glorior
643 376 782 440 quod
821 393 935 423 sum
970 382 1124 424 notus
1161 376 1285 425 sibi:
1323 383 1375 425 et
1411 375 1616 440 quando
1640 375 1850 423 nomino
1874 391 2011 430 eum,

419 441 535 490 dico
595 442 847 491 “Iohanis
906 443 1043 507 pfefi,
1094 444 1311 490 Amicus
1370 443 1559 491 meus.”
1656 441 1757 489 Sed
1815 442 1867 489 in
1924 441 2012 489 illo

421 508 549 556 libro
595 509 838 566 intellexi,
886 510 1026 573 quod
1085 510 1335 574 Theologi
1393 516 1512 557 sunt
1559 509 1814 556 discordes
1861 524 2012 573 super

420 576 687 639 speculum
712 576 941 624 oculare:
979 577 1100 641 quia
1133 576 1288 642 aliqui
1316 578 1563 625 damnant
1588 592 1708 624 eum
1733 576 1796 622 ad
1821 575 2008 639 ignem,

420 643 552 690 sicut
598 643 886 692 Pharrisiefi
933 650 985 691 et
1028 643 1370 700 Colonienses,
1397 642 1578 707 Aliqui
1626 659 1745 690 vero
1792 643 1855 689 ad
1904 659 2009 691 sus-

420 710 733 774 pensionem,
777 711 908 758 sicut
957 711 1031 759 M.
1083 711 1147 760 N.
1199 712 1386 759 Petrus
1433 712 1629 774 Meyer,
1677 709 1766 774 qui
1803 710 2010 772 quando

421 777 549 825 vidit
591 777 870 842 Speculum
913 777 1147 833 Oculare‚
1188 778 1426 826 clamavit
1464 793 1588 825 voce
1624 793 1837 841 magna:
1877 776 2011 824 “Ad

419 844 726 908 patibulum,
769 844 833 891 ad
870 844 1161 910 patibulum
1204 861 1318 894 cum
1362 845 1454 892 tali
1501 844 1702 891 libro!”
1774 844 1882 891 Vos
1928 844 2011 891 de-

420 911 604 959 beretis
644 927 751 959 esse
794 912 1063 968 Cocordes‚
1105 919 1230 960 tunc
1265 912 1478 977 possetis
1515 911 1699 958 habere
1746 910 2012 958 victoriam

419 984 596 1026 contra
620 978 765 1026 illum
790 978 1116 1027 haereticum.
1190 979 1307 1043 Ego
1345 978 1421 1027 fui
1463 978 1688 1026 multum
1712 977 2010 1043 perterritus

416 1044 622 1109 quando
668 1044 769 1109 legi
814 1045 924 1094 ista.
997 1045 1072 1093 Et
1117 1047 1252 1095 dixi:
1295 1046 1500 1094 “Nunc
1541 1045 1772 1092 diabolus
1816 1044 2015 1093 tenebit

418 1111 698 1167 candelam,
747 1112 787 1160 si
836 1113 1085 1178 Theologi
1134 1114 1317 1161 volunt
1363 1130 1470 1162 esse
1517 1111 1815 1160 discordes.”
1911 1111 2012 1160 Sed

418 1195 563 1242 spero
588 1179 727 1243 quod
763 1179 899 1228 eritis
935 1180 1122 1228 iterum
1160 1181 1446 1228 concordes.
1521 1179 1622 1227 Sed
1659 1178 1783 1227 mihi
1811 1179 2013 1226 videtur

415 1246 555 1309 quod
582 1246 656 1293 M.
686 1263 730 1294 n.
762 1248 948 1295 Petrus
984 1264 1087 1295 non
1130 1254 1208 1296 est
1248 1248 1412 1295 iustus
1454 1247 1561 1311 ipse
1596 1252 1650 1294 et
1685 1246 1761 1294 sui
1789 1246 2008 1293 Cohaer-

416 1319 576 1368 entes‚
615 1313 703 1377 qui
744 1319 929 1362 tenent
968 1315 1105 1378 quod
1149 1314 1428 1378 Speculum
1466 1313 1667 1361 oculare
1708 1313 1863 1361 debet
1904 1329 2008 1361 sus-

415 1379 570 1443 pendi
605 1380 668 1427 ad
704 1381 1010 1445 patibulum.
1083 1381 1220 1438 Quia
1255 1388 1332 1430 est
1367 1381 1449 1429 ille
1485 1380 1610 1429 liber
1634 1380 1932 1437 haereticus,
1959 1385 2010 1428 et

416 1445 655 1495 haeretici
674 1454 935 1496 merentur
950 1465 1136 1512 penam
1162 1448 1306 1513 ignis.
1359 1447 1498 1505 Quia
1513 1447 1753 1495 haeretici
1774 1448 2011 1495 combur-

415 1520 588 1570 untur,
633 1515 720 1563 sed
756 1515 891 1563 fures
928 1516 1324 1579 suspenduntur.
1398 1515 1652 1571 Quamvis
1687 1514 1758 1562 illi
1795 1514 2009 1562 fortasse

415 1580 595 1628 dicunt
619 1582 757 1645 quod
784 1581 1065 1646 Speculum
1082 1583 1128 1629 O
1149 1582 1305 1630 etiam
1325 1582 1580 1630 commisit
1597 1581 1810 1629 furtum.
1872 1581 2011 1638 Quia

421 1648 491 1696 Io.
520 1648 672 1696 Pfeff.
699 1648 823 1697 dicit
859 1650 997 1713 quod
1034 1650 1086 1697 in
1122 1649 1219 1698 hoc
1244 1649 1372 1697 libro
1400 1650 1439 1696 1.
1470 1649 1724 1697 Reuchlin
1749 1649 1941 1696 furavit
1965 1648 2011 1696 ei

415 1714 661 1762 honorem
700 1732 866 1771 suum,
892 1733 1047 1779 quem
1090 1733 1193 1763 non
1235 1717 1379 1764 daret
1415 1733 1507 1781 pro
1548 1716 1730 1779 viginti
1778 1715 2010 1764 florenis:

416 1782 535 1845 quia
573 1783 676 1830 duo
718 1783 896 1831 Iudaei
938 1783 1026 1847 qui
1065 1783 1294 1831 similiter
1335 1784 1629 1831 furaverant
1671 1783 1716 1831 ei
1763 1783 2010 1831 honorem

416 1864 580 1905 suum,
607 1850 859 1898 dederunt
903 1850 948 1898 ei
985 1850 1198 1915 triginta
1239 1850 1456 1898 florenos
1496 1867 1586 1914 pro
1625 1866 1698 1897 eo.
1774 1849 1852 1897 Sit
1877 1867 1905 1896 a
1930 1849 2012 1898 vel

416 1915 463 1971 b,
505 1932 600 1980 ego
637 1916 822 1964 vellem
864 1918 1003 1980 quod
1042 1918 1216 1966 essetis
1253 1918 1541 1966 concordes.
1613 1916 1736 1964 Non
1762 1917 2009 1964 habemus

416 1982 497 2030 hic
523 2000 670 2039 nova,
696 1984 791 2031 nisi
827 1985 964 2047 quod
1001 1984 1085 2033 ille
1121 1991 1273 2049 poeta
1304 1984 1594 2032 Ioachimus
1621 1983 1897 2039 Vadianus,
1923 1984 2011 2047 qui

415 2055 493 2097 est
530 2067 662 2098 unus
704 2067 767 2098 ex
807 2051 1190 2106 Reuchlinistis‚
1230 2058 1305 2099 est
1344 2052 1511 2099 factus
1548 2051 1742 2098 Rector
1765 2051 2012 2099 universi-

414 2116 550 2165 tatiS.
625 2117 889 2166 Percutiat
926 2118 1050 2166 deus
1087 2135 1294 2166 omnem
1326 2119 1623 2166 societatem
1649 2120 1932 2166 Poetarum
1957 2124 2011 2166 et

418 2183 722 2231 Iuristarum
749 2191 800 2232 et
837 2201 940 2233 non
970 2186 1290 2249 derelinquat
1314 2202 1477 2232 unum
1502 2201 1564 2232 ex
1590 2185 1661 2232 eis
1687 2185 2009 2249 mingentem

415 2250 479 2298 ad
503 2250 763 2315 parietem.
837 2252 954 2317 Ego
997 2252 1217 2315 cogitavi
1258 2254 1396 2316 quod
1436 2252 1552 2300 volo
1589 2253 1849 2300 recedere:
1886 2253 2010 2316 quid

415 2317 653 2365 deberem
701 2319 752 2366 in
810 2318 896 2366 illa
955 2319 1286 2367 universitate
1345 2320 1523 2375 facere,
1573 2319 1661 2366 ubi
1719 2325 1874 2384 poeta
1932 2326 2010 2367 est

415 2391 611 2432 rector:
649 2391 702 2432 et
749 2392 869 2434 sunt
911 2386 990 2433 hic
1038 2386 1111 2433 ita
1158 2386 1308 2434 multi
1356 2386 1742 2434 Reuchlinistae
1784 2386 1916 2434 sicut
1958 2387 2010 2434 in

416 2451 557 2499 nulla
594 2451 691 2500 alia
729 2452 1073 2501 universitate.
1149 2453 1226 2500 Sc’
1270 2454 1407 2501 Ioch.
1453 2453 1714 2500 vadianus
1750 2460 1930 2508 rector,
1957 2459 2009 2500 et

416 2518 669 2582 Georgius
695 2519 1004 2567 Collimitius
1029 2521 1340 2575 Tanstetter‚
1361 2537 1591 2585 pronunc
1618 2520 1867 2575 Medicus,
1885 2519 2009 2567 olim

1243 2677 1390 2720 Gallen,
1404 2677 1524 2712 where
1541 2677 1605 2712 the
1622 2679 1827 2713 Bibliotheca
1848 2680 2010 2713 Vadz'ana

1243 2724 1320 2758 still
1339 2729 1640 2759 commemorates
1657 2724 1714 2758 his
1733 2726 1985 2760 munificence.

1291 2770 1499 2814 45rynirtyent.
1581 2771 1718 2805 Milton
1775 2772 1891 2816 (Apol.
1941 2775 2011 2815 for

1244 2820 1518 2861 Smeetynmuus,
1532 2818 1642 2852 Prose
1657 2818 1705 2851 W
1708 2819 1806 2861 orks,
1823 2821 1922 2863 1848,
1937 2819 2007 2854 vol.

1244 2866 1292 2898 iii.
1313 2877 1345 2910 p.
1369 2865 1449 2909 131>
1467 2865 1592 2898 makes
1615 2877 1714 2900 some
1739 2868 1886 2901 curious
1912 2878 2010 2901 com-

461 2677 489 2699 22
507 2680 613 2712 Phar.
666 2680 735 2721 Sic,
762 2678 799 2711 in
830 2677 921 2723 [D];
948 2678 1104 2723 perhaps
1129 2689 1175 2711 an

416 2725 640 2760 intentional
658 2724 816 2759 allusion
835 2730 873 2759 to
888 2727 1081 2759 Pharisaei.

463 2770 490 2789 ²³
506 2774 635 2815 Meyer.
685 2773 752 2806 See
770 2773 791 2805 i.
812 2775 846 2815 5,
866 2784 901 2807 η.

462 2818 489 2836 ²⁸
507 2820 595 2853 dial).
647 2819 714 2853 See
732 2820 767 2852 ii.
785 2819 844 2861 24,
864 2831 898 2853 η.

461 2865 488 2884 ⁴¹²
512 2867 658 2900 Vadian.
673 2878 685 2900 .·
732 2866 756 2899 J
760 2866 900 2900 oachim
953 2877 1022 2899 von
1072 2864 1120 2897 W
1123 2869 1180 2899 att

415 2912 672 2957 (1484-155l>,
693 2913 827 2947 Rector
844 2913 886 2947 of
905 2913 1048 2946 Vienna
1072 2912 1176 2946 Univ.

416 2960 452 2992 in
486 2959 588 3002 1516,
615 2972 636 2993 a
667 2971 748 2993 man
777 2961 819 2994 of
839 2960 929 2994 wide
955 2959 1178 3004 sympathies

414 3006 487 3039 and
510 3006 619 3040 much
646 3018 794 3051 energy.
851 3007 958 3041 Later
984 3006 1029 3040 he
1050 3006 1177 3049 joined

414 3052 479 3086 the
493 3057 599 3097 party
610 3053 651 3086 of
662 3053 826 3097 Zwingli.
877 3054 944 3087 See
958 3054 1069 3086 (hmb.
1086 3055 1177 3086 Mod.

416 3101 518 3141 Hist„
534 3098 603 3134 vol.
622 3100 656 3133 ii.
677 3112 709 3145 p.
728 3101 808 3134 315.
865 3101 934 3134 For
951 3112 1060 3145 many
1075 3111 1179 3144 years

415 3145 669 3189 burgomaster
694 3147 735 3181 of
756 3147 814 3180 his
840 3148 961 3181 native
986 3151 1097 3189 town,
1123 3146 1173 3179 St.

1244 2917 1364 2945 ments
1383 2923 1431 2945 on
1449 2911 1522 2945 this
1541 2911 1693 2946 Biblical
1712 2915 1865 2948 na‘l'vete.

1295 2959 1324 2978 ⁴⁹
1342 2958 1417 2992 Sc’:
1441 2961 1578 2993 scilieet.

1292 3005 1319 3022 ³¹⁰
1339 3007 1432 3039 (¹0lli.
1445 3017 1457 3039 :
1470 3005 1595 3050 Georg
1603 3006 1855 3050 'I'a1111stetter,
1873 3007 2008 3041 Rector

1246 3052 1287 3085 of
1313 3052 1457 3086 Vienna
1489 3052 1593 3087 Univ.
1621 3054 1657 3086 in
1692 3055 1794 3096 1512,
1821 3053 1940 3088 called
1967 3053 2005 3088 C.

1245 3099 1339 3132 from
1377 3099 1434 3133 his
1471 3101 1594 3134 native
1629 3105 1727 3134 town
1765 3101 1807 3134 of
1841 3102 1933 3134 Rain
1973 3103 2009 3144 (a

1246 3146 1463 3191 boundary).

1173 3207 1268 3248 ‘200
