2247 3637
181 236 213 275 1.
236 240 304 287 48]
459 224 832 282 IACOBUS
886 224 1002 279 DE
1059 223 1624 278 ALTAPLATEA

182 335 379 383 Valete.
442 335 645 382 Datum
671 351 734 382 ex
757 334 1050 397 Strassberg
1070 333 1219 381 Feria
1237 339 1420 396 quarta
1444 339 1562 397 post
1586 332 1777 380 festum

183 403 359 450 Sancti
419 402 711 450 Bernhardi.
807 402 967 449 Anno
1027 399 1307 448 Millesimo
1365 399 1778 463 quingentesimo

182 470 547 518 decimosexto.

866 669 1086 716 XLVII
1095 668 1118 715 I

186 804 249 852 11
298 803 337 850 I
333 803 385 850 Α
397 803 546 851 COR
556 803 651 850 US
690 804 808 851 DE
857 804 908 851 Α
917 804 967 851 L
980 803 1078 851 TA
1086 803 1244 851 PLA
1260 803 1416 851 TEA
1467 807 1783 866 septenarum

355 876 402 918 et
425 869 702 919 liberalium
728 887 918 919 necnon
942 871 1281 935 ingenuarum
1305 870 1492 917 artium
1521 875 1568 917 et
1598 869 1784 916 Sacra-

357 937 569 985 tissimae
624 937 922 1002 leeologiac
960 936 1223 1002 professor
1263 935 1558 984 humillimus
1594 952 1784 984 necnon

357 1004 411 1051 z‘n
449 1004 698 1068 aliquibus
737 1004 975 1070 partibus
1010 1005 1063 1052 in
1103 1005 1386 1053 Germania
1426 1003 1786 1052 haereticorum

356 1072 595 1135 magister
641 1072 696 1119 z'd
740 1079 809 1121 est
867 1078 1118 1120 corrector
1157 1072 1372 1120 Ortvz'no
1411 1071 1542 1119 Gra.
1576 1071 1788 1118 Daven-

360 1139 535 1187 triensi
558 1139 611 1186 in
641 1139 848 1187 Colonia
871 1139 1020 1187 vitam
1048 1138 1250 1188 trahens
1274 1138 1495 1186 Salutem
1520 1138 1573 1185 in
1592 1137 1787 1185 domino

361 1212 533 1254 nostro
560 1207 677 1254 Iesu
708 1206 902 1255 Christo

195 1339 670 1455 NUNQUAM
720 1341 820 1388 fuit
867 1346 977 1389 tam
1022 1347 1169 1404 grata
1215 1340 1447 1388 ruriculis
1499 1338 1792 1386 dulcissima

359 1407 532 1471 pluvia
566 1414 799 1472 tempore
835 1408 1018 1472 longae
1052 1407 1309 1463 siccitatis,
1348 1423 1517 1471 neque
1564 1405 1638 1454 sol
1675 1410 1791 1469 post

192 1476 373 1539 longas
401 1474 628 1531 nebulas,
655 1491 812 1538 quam
844 1474 970 1522 mihi
998 1474 1100 1522 fuit
1128 1474 1201 1522 lfa
1234 1480 1402 1522 vestra
1433 1489 1591 1537 quam
1621 1473 1684 1519 ad
1709 1488 1793 1519 me

194 1543 294 1590 huc
331 1541 394 1589 ad
431 1542 656 1590 Romam
693 1542 913 1590 misistis.
987 1541 1211 1597 Quando
1248 1558 1344 1606 ego
1379 1557 1491 1589 eam
1524 1539 1641 1604 legi,
1666 1546 1792 1586 tunc

195 1609 271 1658 fui
294 1609 367 1656 ita
390 1609 754 1673 gaudibundus
790 1609 931 1673 quod
960 1608 1178 1657 libenter
1214 1607 1484 1662 flevissem,
1518 1608 1640 1670 quia
1668 1605 1794 1653 mihi

194 1676 464 1725 videbatur
498 1677 638 1740 quod
674 1677 775 1724 iam
811 1692 974 1724 essem
1011 1676 1063 1724 in
1101 1675 1316 1723 Colonia
1344 1676 1396 1724 in
1426 1675 1582 1722 domo
1610 1679 1795 1728 vestra,

195 1744 403 1808 quando
428 1743 650 1792 bibimus
684 1760 884 1809 semper
918 1760 1077 1792 unam
1103 1744 1185 1792 vel
1220 1743 1345 1791 duas
1375 1748 1582 1806 quartas
1614 1741 1795 1788 vinum

197 1811 280 1860 vel
304 1810 588 1867 cerevisiae,
616 1817 668 1859 et
692 1811 908 1860 lusimus
938 1811 991 1859 in
1021 1827 1200 1867 assere,
1226 1811 1298 1858 ita
1332 1810 1498 1859 laetus
1530 1808 1620 1857 fui.
1695 1807 1798 1856 Sed

198 1895 288 1926 vos
313 1879 468 1926 vultis
493 1880 633 1942 quod
657 1895 753 1943 ego
777 1878 966 1928 iterum
992 1879 1065 1926 ita
1095 1878 1280 1926 faciam
1306 1878 1438 1925 sicut
1462 1893 1567 1933 vos,
1592 1876 1688 1924 hoc
1722 1880 1800 1923 est

196 1945 337 2010 quod
363 1963 460 2010 ego
484 1946 642 1994 etiam
667 1947 936 1995 scriberem
961 1946 1086 2011 quid
1102 1945 1287 1993 faciam
1312 1944 1392 1993 hic
1418 1944 1470 1991 in
1495 1945 1667 1992 Roma
1689 1949 1800 1990 tam

196 2013 366 2077 longe,
415 2020 467 2062 et
514 2014 775 2078 quomodo
822 2013 948 2062 mihi
989 2013 1258 2062 succedat:
1312 2013 1452 2076 quod
1488 2011 1605 2059 volo
1641 2010 1799 2058 liben-

198 2080 395 2128 tissime
418 2081 597 2129 facere.
673 2081 854 2129 Sciatis
879 2097 1000 2145 ergo
1024 2081 1164 2144 quod
1189 2096 1285 2144 ego
1310 2080 1477 2127 adhuc
1502 2095 1616 2126 sum
1651 2093 1802 2125 sanus

201 2147 375 2195 divina
421 2147 711 2212 spiratione.
809 2148 911 2196 Sed
956 2155 1135 2197 tamen
1185 2148 1421 2211 quamvis
1469 2163 1584 2193 sum
1633 2160 1800 2198 sanus,

200 2215 367 2263 adhuc
413 2222 592 2264 tamen
638 2233 743 2264 non
790 2233 905 2264 sum
952 2216 1170 2264 libenter
1217 2215 1314 2270 hic,
1357 2213 1478 2278 quia
1514 2213 1599 2260 illa
1636 2228 1802 2266 causa,

202 2289 411 2347 propter
457 2300 613 2346 quam
655 2300 751 2347 ego
798 2300 913 2331 sum
960 2282 1056 2339 hic,
1104 2289 1182 2331 est
1229 2281 1354 2329 mihi
1394 2298 1531 2329 nunc
1568 2280 1804 2327 adversa:

203 2366 301 2415 ego
348 2349 533 2398 vellem
580 2352 720 2415 quod
768 2367 1038 2414 nunquam
1084 2349 1387 2414 incepissem
1434 2365 1577 2396 eam:
1627 2361 1804 2394 omnes

203 2416 438 2465 derident
479 2434 562 2465 me
604 2424 656 2465 et
703 2424 896 2466 vexant
937 2434 1035 2473 me,
1084 2424 1136 2465 et
1172 2423 1394 2465 noscunt
1430 2415 1511 2463 hic
1547 2411 1806 2463 Reuchlin

204 2484 387 2532 melius
422 2501 579 2548 quam
615 2485 668 2533 in
693 2485 954 2542 Almania‚
980 2492 1034 2533 et
1070 2484 1222 2532 multi
1261 2482 1555 2531 Cardinales
1590 2487 1642 2528 et
1678 2479 1806 2544 epis·
1842 2495 1859 2518 ι

206 2552 320 2616 copi
361 2558 414 2600 et
461 2552 674 2616 praelati
723 2559 775 2600 et
824 2552 1084 2600 Curtisani
1131 2557 1310 2599 amant
1357 2567 1490 2598 eum.
1600 2547 1655 2595 Si
1701 2562 1806 2593 non

205 2618 522 2682 incepissem,
546 2626 674 2668 tunc
698 2636 860 2668 essem
885 2620 1051 2668 adhuc
1076 2619 1128 2667 in
1154 2618 1383 2673 Colonia,
1410 2623 1462 2664 et
1487 2614 1808 2663 comederem

208 2692 260 2734 et
297 2685 523 2734 biberem
559 2687 719 2743 bene3
756 2704 851 2752 ego
883 2687 1047 2734 habeo
1072 2685 1154 2733 hic
1191 2685 1466 2749 aliquando
1491 2682 1577 2730 vix
1614 2681 1808 2730 siccum

209 2767 409 2819 panem.
481 2753 599 2818 Ego
637 2755 788 2802 credo
829 2754 986 2803 etiam
1027 2753 1167 2817 quod
1196 2752 1329 2800 male
1353 2750 1455 2798 iam
1484 2748 1729 2814 procedat
1756 2747 1809 2795 in

210 2819 471 2875 Almania‚
508 2820 629 2883 quia
664 2838 759 2886 ego
802 2838 916 2870 sum
954 2821 1162 2876 absens;
1216 2834 1394 2866 omnes
1435 2819 1537 2864 iam
1581 2815 1811 2863 scribunt

211 2886 365 2934 libros
383 2886 436 2933 in
455 2887 714 2953 theologia
733 2889 1019 2937 secundum
1039 2904 1191 2936 suum
1210 2885 1431 2933 libitum.
1502 2883 1609 2948 Ipsi
1629 2883 1810 2930 dicunt

211 2953 352 3017 quod
381 2953 626 3003 Erasmus
653 2956 1000 3004 Roterdamus
1028 2952 1317 3018 composuit
1341 2951 1534 2999 multos
1558 2955 1811 2998 tractatus

212 3020 265 3067 in
300 3019 587 3084 theologia:
614 3038 710 3086 ego
746 3039 850 3070 non
888 3023 1038 3070 credo
1075 3021 1211 3084 quod
1252 3019 1406 3066 faciat
1442 3018 1614 3066 omnia
1656 3023 1809 3065 recte.

354 3103 381 3122 ⁸⁹
402 3106 556 3139 Datum:
582 3108 634 3142 i.e.
655 3106 749 3151 Aug.
771 3109 826 3150 25,
849 3108 951 3141 1516.
1143 3104 1156 3122 ‘³
1174 3106 1341 3139 trahens:
1367 3104 1424 3139 for
1441 3105 1594 3138 trahenti
1613 3102 1671 3147 (Ρ).

971 3167 1062 3209 121

1829 1483 1866 1512 10

1833 1822 1872 1852 15

1838 2156 1876 2185 20

1845 2824 1883 2854 30
