2247 3637
179 242 231 281 11.
260 246 297 294 1]
598 232 1039 288 IOHANNES
1095 233 1356 287 LABIA

174 343 301 390 lavit
332 341 457 389 illud
485 351 495 368 ‘
515 341 779 405 Epistolae
812 342 1080 390 Clarorum
1113 343 1382 390 Virorum.³
1456 344 1614 399 Quod
1652 359 1770 390 con-

176 410 417 474 syderans
456 409 705 472 Magister
731 410 994 465 Ortvinus‚
1021 415 1072 458 et
1105 409 1329 457 multum
1363 410 1580 474 desuper
1607 409 1772 474 pensi-

174 484 305 533 tans,
354 476 485 523 dixit
534 476 597 523 ad
651 476 1013 540 semetipsum:
1075 476 1241 524 ‘Ecce
1303 477 1558 524 Reuchlin
1611 476 1772 524 credit

176 544 314 606 quod
340 559 494 591 nemo
530 543 684 591 habet
720 543 935 591 Amicos
965 543 1060 592 nisi
1095 544 1228 607 ipse:
1266 543 1409 599 Quid
1445 544 1559 591 vult
1592 544 1772 600 facere,

177 611 218 659 si
265 627 361 674 ego
407 611 622 658 ostendo
669 612 807 673 quod
866 611 1029 658 habeo
1080 611 1236 659 etiam
1289 611 1493 666 amicos,
1541 617 1593 658 et
1645 611 1774 658 bene

177 678 432 741 digniores
478 694 633 740 quam
681 677 802 741 ipse,
845 684 897 725 et
944 679 1160 726 scientes
1211 677 1376 726 facere
1435 677 1675 725 Carmina
1721 684 1774 726 et

179 744 480 792 dictaminas
522 743 729 792 meliore
775 761 931 807 quam
979 745 1055 793 sui
1102 745 1338 793 Amici?
1439 744 1513 792 Et
1553 761 1674 809 ergo
1722 744 1774 792 in

180 812 480 875 despectum
501 810 657 875 ipsius
676 811 819 859 dedit
838 813 901 860 ad
925 812 1326 877 imprimendum
1351 813 1471 860 istas
1496 812 1774 876 Epistolas,

179 878 492 926 intitulando
546 894 660 926 eas:
722 878 1015 943 ‘Epistolae
1076 880 1427 928 Obscurorum
1481 880 1776 927 Virorum':

182 946 330 994 Sicut
370 945 494 993 dicit
542 944 843 995 Psalmista:
881 946 1060 995 ‘Misit
1093 947 1329 995 tenebras
1365 953 1419 994 et
1453 946 1777 994 obscuravit.²

182 1013 283 1060 Sed
320 1012 426 1077 ipse
462 1012 583 1059 fecit
611 1013 707 1059 hoc
739 1013 1016 1070 humiliter,
1042 1015 1341 1062 minorando
1370 1020 1423 1061 et
1459 1014 1776 1061 humiliando

182 1080 263 1136 Se,
289 1086 349 1128 ut
381 1085 539 1143 queat
573 1080 739 1128 dicere
765 1097 882 1127 cum
919 1081 1221 1129 Psalmista:
1261 1081 1534 1137 ‘Domine,
1559 1097 1664 1129 non
1699 1086 1777 1128 est

181 1147 470 1196 exaltatum
519 1163 604 1194 cor
650 1163 839 1204 meum,
889 1164 1055 1211 neque
1108 1148 1227 1196 elati
1282 1155 1401 1196 sunt
1454 1148 1590 1196 oculi
1642 1147 1774 1195 mei.’

184 1216 354 1279 Igitur
396 1214 634 1262 dominus
676 1214 800 1262 deus
842 1214 1019 1262 videns
1062 1215 1408 1263 humilitatem
1450 1232 1611 1271 suam,
1654 1215 1777 1262 olim

181 1282 323 1329 dabit
365 1281 409 1329 ei
451 1281 687 1344 gratiam,
721 1282 860 1344 quod
902 1282 1056 1331 faciet
1097 1299 1284 1347 magna
1326 1299 1493 1346 opera,
1526 1289 1578 1330 et
1620 1282 1776 1330 etiam

179 1348 467 1396 intitulavit
513 1365 572 1395 ea
619 1364 737 1395 cum
784 1349 983 1413 magnis
1029 1349 1206 1397 titulis.
1302 1350 1459 1397 Unde
1508 1350 1632 1398 Iob:
1675 1349 1777 1396 ‘Et

180 1433 381 1464 rursum
411 1422 528 1480 post
557 1416 794 1462 tenebras
823 1432 970 1480 spero
999 1417 1198 1465 lucem.'
1271 1417 1393 1464 Non
1425 1416 1777 1481 intelligendo,

181 1484 321 1547 quod
349 1483 488 1531 istud
518 1482 807 1546 Epistolare
831 1483 1139 1531 Amicorum
1170 1483 1409 1547 Magistri
1443 1484 1649 1532 Ortvini
1674 1501 1778 1532 non

180 1557 258 1599 est
274 1550 603 1598 artificialiter
619 1551 979 1614 compositum,
996 1551 1116 1614 quia
1136 1551 1285 1598 amici
1307 1551 1550 1599 Iohannis
1571 1552 1777 1599 Reueh-

180 1619 252 1666 lin
293 1619 345 1665 in
382 1617 487 1664 vita
529 1633 619 1664 sua
659 1633 926 1680 nunquam
975 1625 1342 1682 componerent
1388 1618 1585 1674 meliuS‚
1622 1619 1779 1667 etiam

181 1686 221 1734 si
271 1685 517 1733 deberent
557 1685 766 1749 perdere
814 1686 982 1749 capita
1025 1702 1143 1741 sua;
1194 1686 1295 1733 Sed
1343 1692 1611 1751 propterea
1657 1685 1779 1741 dixi,

181 1752 302 1816 quia
338 1752 504 1799 adhuc
550 1758 724 1799 tamen
760 1752 1120 1801 excellentiora
1156 1753 1347 1801 habent
1392 1759 1508 1818 post
1545 1769 1611 1802 se.
1707 1753 1781 1800 Et

180 1820 388 1868 favente
434 1819 530 1866 deo
577 1836 723 1883 spero
769 1820 909 1884 quod
957 1820 1242 1868 videbimus
1289 1820 1557 1884 magnalia.
1642 1819 1781 1876 Quia

182 1887 435 1952 Magister
476 1886 725 1934 Ortvinus
761 1903 865 1935 non
903 1894 1047 1936 curat
1088 1888 1152 1936 de
1192 1887 1451 1953 pomposis
1486 1887 1668 1942 titulis,
1707 1887 1782 1935 Et

181 1971 302 2018 ergo
338 1954 407 2003 sic
443 1953 600 2002 dicit:
638 1961 648 1980 ‘
667 1954 928 2003 Dominus
963 1955 1272 2003 illuminatio
1300 1972 1414 2003 mea
1443 1963 1536 2011 est,
1566 1962 1618 2003 et
1647 1955 1781 2003 salus

181 2038 312 2078 mea,
348 2038 503 2085 quem
545 2021 772 2070 timebo.’
855 2022 994 2078 Quia
1040 2022 1135 2071 scit
1182 2023 1322 2086 quod
1370 2024 1670 2071 minorando
1713 2038 1780 2077 se,

182 2089 515 2137 maiorabitur
576 2088 713 2136 olim.
810 2090 948 2137 Nam
1013 2089 1136 2138 dicit
1195 2091 1472 2154 scriptura:
1533 2090 1670 2146 ‘Qui
1731 2105 1782 2137 se

183 2157 393 2213 exaltat,
442 2156 827 2205 humiliabitur.’
896 2156 970 2205 Et
1017 2157 1205 2221 legitur
1252 2158 1600 2206 Ecclesiastici
1649 2175 1782 2206 .xx.:

187 2233 197 2251 ‘
216 2223 315 2271 Est
334 2229 543 2287 propter
560 2224 776 2287 gloriam
796 2225 1085 2280 minoratio,
1107 2231 1158 2273 et
1185 2233 1262 2273 est
1287 2225 1376 2289 qui
1401 2225 1464 2273 ab
1490 2225 1782 2272 humilitate

184 2291 376 2339 levabit
401 2292 587 2355 caput.’
663 2292 810 2340 Haec
835 2292 1187 2357 prophetizata
1212 2300 1332 2340 sunt
1356 2309 1444 2357 per
1467 2293 1782 2357 Prophetam

185 2359 342 2406 Naim
358 2358 616 2406 dicentem
638 2365 710 2406 ‘et
734 2359 969 2407 inimicos
989 2359 1096 2407 eius
1116 2367 1487 2424 persequentur
1510 2358 1780 2407 tenebrae.'

187 2427 334 2474 Tunc
354 2442 450 2490 ego
469 2442 573 2473 non
589 2427 765 2474 volens
780 2427 919 2490 quod
935 2427 1181 2475 deberent
1198 2428 1304 2475 fieri
1322 2427 1529 2483 inimici,
1546 2426 1626 2474 vel
1645 2425 1783 2488 quod

186 2510 319 2541 unus
355 2509 533 2540 eorum
568 2493 779 2542 deberet
812 2493 937 2541 mihi
972 2494 1133 2552 irasci,
1160 2495 1199 2542 si
1236 2495 1455 2543 dicerem
1493 2500 1581 2541 ‘tu
1614 2493 1695 2540 vel
1723 2498 1783 2539 tu

187 2559 420 2609 subtilior
452 2561 534 2616 eS‚’
559 2560 776 2625 allegavi
811 2561 1096 2609 Horatium
1129 2562 1181 2610 in
1206 2579 1310 2609 uno
1335 2578 1486 2626 passu
1511 2560 1599 2623 qui
1632 2559 1783 2607 dicit:

190 2636 200 2654 ⁶
218 2627 291 2674 Et
320 2627 487 2675 adhuc
518 2629 613 2675 sub
642 2628 809 2676 iudice
837 2628 896 2676 lis
922 2631 1028 2677 est?
1117 2637 1127 2654 ⁶
1149 2629 1382 2677 Scribens
1407 2628 1545 2676 enim
1570 2626 1786 2675 scribam

191 2694 443 2758 Magistro
481 2695 717 2751 Ortvino‚
742 2697 882 2759 quod
914 2696 1050 2744 dicat
1076 2697 1200 2744 mihi
1228 2697 1492 2744 rationem.
1566 2694 1640 2741 Et
1665 2710 1786 2758 ergo

239 2831 265 2849 ⁸⁸
284 2834 370 2876 Epp.
411 2835 500 2867 (Ίαν.
548 2836 645 2870 Vir..·
686 2835 784 2880 publ.
825 2835 955 2869 March
1070 2835 1100 2854 ⁹²
1115 2840 1226 2879 Imm,
1246 2837 1311 2870 Rc.
1330 2847 1338 2870 :
1366 2835 1457 2870 Psal.
1478 2836 1574 2868 xxvi.
1596 2837 1624 2869 1.

196 2880 315 2957 157134ἓῖ
528 2930 534 2936 ,
929 2930 936 2937 ,
1071 2894 1099 2913 ⁹⁴
1116 2897 1250 2938 Scrip.:
1285 2895 1392 2928 Matt.
1422 2894 1521 2927 xxiii.
1559 2893 1612 2927 12.
1675 2894 1788 2938 “Qui

294 2938 400 2959 darm·
435 2931 466 2961 33
499 2930 579 2964 ‘lwt-
648 2929 779 2963 Efl'OI'S
813 2930 855 2963 0f
882 2930 957 2964 thls
1024 2947 1146 2976 autem
1166 2954 1204 2976 se
1222 2940 1477 2984 exaltaverit,’'
1497 2941 1561 2975 &c
1621 2942 1716 2986 Γαίῃ.

194 2973 284 3037 Κὶι-ιῚά
301 2985 363 3007 are
380 2974 523 3027 foreign
543 2979 580 3008 to
596 2976 661 3010 the
681 2976 720 3009 E.
741 2976 784 3010 O.
803 2976 846 3011 V.
1072 2999 1098 3018 95
1119 3001 1202 3032 Ere!
1226 3011 1232 3018 .
1257 3011 1304 3032 XX
1338 2999 1390 3032 11·

244 3027 249 3037 ¹
287 3021 379 3053 Psal.
392 3032 404 3054 .·
429 3032 494 3054 οιν.
515 3020 570 3054 28,
1202 3026 1227 3033 ..
1309 3026 1315 3033 .

241 3065 268 3085 τε
286 3068 404 3102 psal...
429 3079 534 3102 cxxx·
555 3069 583 3102 1.
1073 3058 1099 3076 ⁹⁸
1119 3059 1251 3091 Naim:
1276 3056 1423 3090 Nahum
1443 3057 1464 3091 i.
1487 3057 1517 3091 8.

241 3112 270 3131 ⁸³
285 3116 348 3148 Job
362 3126 374 3149 .·
398 3115 483 3148 xvii.
505 3113 558 3149 12.
1075 3114 1115 3133 ¹⁰¹
1133 3117 1218 3149 Hor.
1232 3127 1243 3149 .·
1267 3118 1294 3148 Α
1304 3127 1340 3148 rs
1363 3117 1466 3158 Poet„
1486 3116 1540 3152 78.

957 3177 1052 3218 133

1807 496 1842 527 70

1809 826 1848 858 75

1812 1165 1850 1197 80

1813 1500 1852 1531 85

1817 1837 1854 1867 90

1818 2178 1856 2208 95

1820 2508 1877 2539 100
