2247 3637
337 449 375 479 35

339 783 376 811 40

338 1116 375 1144 45

337 2128 374 2156 (50

337 2461 374 2489 65

412 257 881 313 EPISTOLAE
942 258 1534 315 OBSCURORUM
1590 257 2001 314 VIRORUM

413 365 528 427 Ipse
569 365 724 412 etiam
766 364 904 429 prius
942 366 993 413 in
1034 383 1137 414 uno
1174 383 1329 430 parvo
1364 372 1589 414 tractatu
1622 367 1829 414 vexavit
1857 366 2002 414 theo-

409 431 568 494 logos,
595 438 648 478 et
671 431 772 478 iam
798 433 970 480 scribit
994 433 1280 497 theologice
1305 439 1381 481 est
1401 434 1525 481 mihi
1551 433 1753 480 mirum.
1828 433 1882 481 Si
1907 450 2002 497 ego

410 497 558 545 venio
594 499 657 545 ad
694 499 993 547 Almaniam
1030 507 1081 548 et
1118 501 1234 564 lego
1266 518 1383 548 suos
1420 500 1690 556 codiculos,
1717 507 1769 547 et
1798 500 2003 548 invenio

410 582 573 612 unum
611 567 969 630 parvissimum
1016 574 1268 631 punctum
1311 568 1399 615 ubi
1446 567 1630 614 erravit
1666 567 1746 614 vel
1782 567 1870 614 ubi
1907 583 2002 630 ego

410 648 513 679 non
560 633 807 697 intelligo,
854 634 960 698 ipse
1006 635 1160 682 debet
1207 634 1377 682 videre
1423 634 1562 697 quod
1610 650 1705 698 ego
1753 634 1870 682 volo
1909 633 2004 681 sibi

411 716 562 763 super
609 707 795 748 cutem.
872 702 988 765 Ipse
1036 701 1234 764 scripsit
1282 702 1437 749 etiam
1484 717 1678 765 graece,
1718 701 1857 764 quod
1899 717 2003 748 non

409 766 618 814 deberet
656 768 849 815 facere:
909 768 1028 831 quia
1074 785 1165 815 nos
1202 786 1377 816 sumus
1412 768 1556 815 latini
1592 774 1645 815 et
1680 784 1783 815 non
1818 768 2000 832 graeci.

412 833 465 880 Si
491 834 604 880 vult
628 834 842 881 scribere
867 835 1005 897 quod
1024 850 1176 881 nemo
1208 835 1478 900 intelligat,
1504 852 1659 898 quare
1694 851 1797 882 non
1830 835 2004 883 scribit

409 900 563 948 etiam
605 901 846 948 Italicum
888 908 941 948 et
984 901 1321 950 Bohemicum
1357 909 1409 950 et
1446 902 1807 965 Hungaricum
1845 909 1897 950 et
1935 901 2003 949 sic

409 983 561 1014 nemo
609 967 917 1030 intelligeret
964 985 1113 1017 eum:
1171 969 1323 1017 faciat
1372 986 1423 1017 se
1483 970 1799 1016 conformem
1858 968 2003 1017 nobis

411 1034 685 1097 Theologis
734 1035 786 1081 in
834 1035 1040 1082 nomine
1089 1042 1298 1083 centum
1345 1037 1680 1092 diabolorum,
1725 1042 1777 1083 et
1818 1036 2004 1083 scribat

409 1118 497 1165 per
537 1101 728 1147 Utrum
766 1107 817 1148 et
855 1102 1063 1156 Contra,
1099 1110 1150 1150 et
1179 1104 1450 1167 Arguitur,
1477 1110 1528 1151 et
1565 1103 1794 1168 Replica,
1827 1110 1879 1151 et
1916 1120 2004 1166 per

412 1167 793 1224 Conclusiones,
821 1169 953 1216 sicut
985 1170 1216 1217 fecerunt
1252 1187 1427 1218 omnes
1453 1170 1718 1235 Theologi,
1745 1171 1813 1218 516
1847 1170 2003 1218 etiam

409 1251 500 1281 nos
548 1235 844 1298 legeremus.
940 1236 1057 1301 Ego
1105 1254 1208 1284 non
1249 1254 1457 1302 possum
1505 1238 1646 1286 vobis
1688 1237 1789 1284 iam
1832 1236 2005 1284 omnia

409 1301 639 1357 scribere,
682 1319 849 1366 neque
896 1320 1065 1351 meam
1111 1310 1469 1368 paupertatem
1516 1322 1671 1368 quam
1719 1305 1800 1352 hic
1841 1304 2004 1352 habeo

408 1369 586 1417 dicere.
678 1370 761 1417 Illi
799 1370 1057 1418 Curtisani
1103 1373 1308 1435 quando
1355 1372 1532 1420 vident
1579 1390 1677 1428 me,
1713 1379 1839 1419 tunc
1876 1387 2004 1418 nun-

364 1456 369 1483 ;
409 1443 599 1499 cupant
641 1453 723 1485 1116
760 1438 1021 1501 Apostata
1067 1445 1118 1485 et
1161 1439 1339 1487 dicunt
1377 1440 1515 1503 quod
1563 1456 1659 1503 ego
1701 1438 1898 1487 cucurri
1940 1455 2004 1486 ex

409 1503 613 1559 ordine3
673 1511 725 1551 et
772 1505 842 1552 sic
889 1506 1045 1553 etiam
1092 1507 1289 1553 faciunt
1338 1507 1557 1554 Doctori
1606 1508 1762 1554 Petro
1822 1507 2006 1569 Meyer

410 1570 640 1618 Plebano
687 1571 738 1618 in
778 1572 822 1618 F
826 1573 1163 1629 ranckfurdia‚
1212 1574 1332 1637 quia
1374 1580 1565 1621 vexant
1606 1590 1724 1621 eum
1766 1573 1837 1621 ita
1875 1573 2005 1621 bene

409 1638 540 1685 sicut
577 1654 674 1693 me,
701 1638 819 1702 quia
855 1639 959 1704 ipse
994 1640 1134 1688 favet
1167 1641 1304 1688 mihi.
1381 1641 1481 1689 Sed
1510 1647 1685 1688 tamen
1715 1640 1820 1705 ipse
1850 1639 2004 1687 habet

410 1705 592 1752 melius
618 1722 773 1768 quam
799 1722 910 1770 ego,
937 1707 1057 1770 quia
1082 1708 1187 1771 ipse
1211 1708 1366 1756 habet
1392 1709 1586 1756 bonum
1616 1708 1858 1763 officium,
1884 1706 2005 1770 quia

410 1779 487 1819 est
514 1772 819 1836 Capellanus
839 1774 1088 1838 superdei
1108 1792 1244 1839 agro,
1262 1776 1400 1838 quod
1426 1782 1502 1822 est
1522 1792 1611 1839 per
1634 1776 1789 1823 deum
1810 1775 2005 1822 bonum

410 1839 652 1894 officium,
674 1839 792 1887 licet
814 1841 1072 1889 Curtisani
1097 1843 1277 1890 dicunt
1302 1843 1441 1905 quod
1467 1842 1531 1889 sit
1551 1842 1852 1890 vilissimum
1873 1841 2006 1888 inter

410 1906 582 1953 onmia
606 1907 770 1954 officia
794 1925 925 1971 quae
950 1908 1001 1956 in
1023 1910 1191 1956 Roma
1210 1916 1426 1974 possunt
1445 1926 1564 1957 esse.
1641 1910 1742 1957 Sed
1763 1910 1858 1956 hoc
1879 1907 2005 1955 nihil

409 1980 576 2029 nocet,
598 1973 689 2038 ipsi
705 1974 884 2022 dicunt
901 1976 995 2024 hoc
1022 1993 1084 2024 ex
1104 1976 1295 2023 inuidia
1320 1978 1434 2040 Ipse
1452 1984 1626 2024 tamen
1646 1977 1802 2024 habet
1819 1992 2004 2040 panem

409 2057 561 2088 suum
604 2041 666 2088 dc
708 2042 803 2088 hoc
841 2049 895 2090 et
932 2045 1095 2091 nutrit
1135 2061 1187 2091 se
1221 2044 1393 2091 taliter
1428 2044 1661 2107 qualiter,
1699 2044 1861 2091 donec
1899 2043 2005 2107 ipse

410 2125 553 2155 suam
603 2125 805 2155 causam
848 2116 1024 2157 contra
1061 2111 1511 2158 1⁴¹1·ancfurdienses
1547 2111 1610 2158 ad
1651 2111 1805 2158 finem
1831 2111 2001 2157 ducat.

412 2175 570 2221 Omni
594 2175 676 2222 die
701 2176 843 2239 quasi
864 2177 1049 2224 ivimus
1074 2179 1180 2242 ipse
1216 2185 1268 2225 et
1293 2195 1389 2241 ego
1415 2179 1695 2242 spatiatum
1721 2178 1771 2225 in
1806 2178 2004 2241 Campo

409 2242 578 2297 florae,
604 2248 656 2289 et
703 2251 1032 2307 expectamus
1059 2245 1371 2292 Teutonicos
1393 2265 1400 2293 :
1437 2246 1508 2292 ita
1532 2245 1749 2293 libenter
1774 2244 2004 2292 videmus

410 2309 737 2357 Teutonicos.
811 2311 959 2358 Tunc
994 2312 1208 2360 veniunt
1244 2312 1313 2359 illi
1346 2313 1602 2360 Curtisani
1628 2319 1680 2359 et
1717 2316 2005 2358 monstrant

411 2393 528 2423 cum
566 2376 737 2440 digitis
774 2394 924 2441 super
969 2396 1075 2434 nos,
1114 2386 1165 2426 et
1202 2379 1368 2426 rident
1406 2386 1457 2427 et
1494 2380 1702 2427 dicunt:
1742 2387 1769 2406 ‘⁴
1792 2378 1908 2433 vidi,
1935 2377 2004 2424 ibi

411 2445 608 2491 vadunt
622 2444 726 2491 duo
745 2444 831 2506 qui
850 2445 1033 2493 volunt
1068 2446 1322 2493 Reuchlin
1340 2448 1603 2494 comedere
1627 2448 1636 2494 !
1708 2446 2005 2493 Comedunt

411 2511 503 2575 ipsi
529 2528 663 2566 eum,
681 2517 805 2558 tunc
831 2512 984 2559 etiam
1012 2514 1253 2560 merdunt
1279 2530 1397 2560 611111
1424 2514 1656 2569 iterum,”
1681 2519 1731 2560 et
1758 2513 2004 2560 habemus

410 2585 580 2626 tantas
629 2578 925 2626 vexationes
973 2581 1111 2642 quod
1159 2580 1338 2627 debert
1396 2580 1617 2644 lapidem
1666 2596 2001 2627 commovere.

412 2646 559 2692 'l'unc
596 2645 717 2693 dicit
742 2645 988 2710 plebanus
1010 2664 1020 2694 t
1061 2656 1089 2674 ⁶⁶
1110 2648 1298 2694 Sancta
1333 2648 1514 2702 Maria,
1540 2647 1663 2710 quid
1689 2653 1839 2694 nocet
1860 2649 1876 2693 ἲ
1912 2662 2005 2693 1105

411 2712 647 2760 volumus
673 2714 768 2760 hoc
794 2721 1000 2777 propter
1025 2715 1177 2762 deum
1204 2714 1325 2777 pati,
1352 2714 1471 2776 quia
1496 2715 1620 2761 deus
1646 2714 1810 2761 multa
1830 2729 2004 2777 passus

411 2786 488 2827 est
512 2797 603 2844 pro
628 2780 788 2836 nobis,
815 2787 867 2828 et
902 2798 993 2828 nos
1029 2781 1183 2827 ctiam
1210 2798 1384 2828 sumus
1411 2781 1676 2844 Theologi,
1703 2781 1789 2844 qui
1815 2781 2005 2828 debent

411 2863 517 2894 6556
543 2847 759 2894 humiles
785 2854 837 2895 et
862 2848 1016 2912 spreti
1052 2848 1102 2895 in
1133 2848 1227 2895 hoc
1264 2849 1459 2894 mundo
1481 2849 1529 2895 :⁹⁹
1568 2847 1640 2895 Et
1678 2849 1749 2895 ita
1773 2847 1896 2895 facit
1922 2863 2005 2894 me

410 2913 596 2961 iterum
633 2914 796 2962 laetae
833 2915 1033 2970 mentis,
1065 2921 1116 2962 et
1155 2915 1353 2977 cogito:
1393 2915 1610 2962 “dicant
1646 2915 1769 2978 quid
1806 2914 2004 2969 volunt,

411 2981 503 3043 ipsi
528 2988 703 3029 tamen
728 2999 831 3028 non
851 2982 1040 3029 habent
1060 2981 1231 3029 omnia
1255 2998 1385 3044 quae
1402 2982 1627 3029 volunt.”
1703 2982 1756 3029 Si
1781 2997 2005 3030 essemus

552 3076 578 3094 ⁵⁷¹
597 3078 650 3107 (lei
667 3087 765 3118 “IV-5
791 3076 810 3091 “
823 3075 934 3109 God's
950 3077 1063 3139 aci-gf
1377 3074 1402 3092 ⁰¹
1425 3078 1561 3118 Campa.
1613 3075 1679 3109 See
1698 3076 1732 3108 ii.
1751 3073 1807 3117 26,
1827 3086 1861 3107 η.

1030 3122 1041 3140 ⁷
1061 3124 1130 3156 (leh.
1144 3134 1155 3155 .·
1182 3122 1238 3155 for
1256 3123 1399 3156 deberat.

1160 3185 1254 3225 122
