2247 3637
313 703 351 733 15

313 1038 351 1067 20

314 1370 351 1399 25

313 1704 352 1734 30

317 2042 354 2071 35

317 2380 356 2410 40

385 309 856 366 EPISTOLAE
917 310 1508 368 OBSCURORUM
1562 310 1971 366 VIRORUM

383 433 626 482 magnam
673 416 989 481 diligentiam
1046 418 1335 481 quaerendo
1392 423 1444 464 et
1502 416 1864 481 interrogando
1922 424 1973 465 et

384 484 569 532 ultimo
588 483 704 532 veni
729 484 791 531 ad
816 499 977 531 unum
1002 483 1344 533 librivendum
1370 484 1433 531 de
1457 484 1685 548 partibus
1710 483 1973 548 superiori-

386 552 492 599 bus.
580 552 697 615 Ipse
743 550 874 599 dixit
921 550 1045 599 mihi
1091 550 1352 607 mirabilia,
1401 550 1477 598 Et
1523 551 1809 599 nominavit
1849 551 1977 599 mihi

384 618 576 666 multos
602 624 654 666 et
686 617 818 666 dixit
850 618 990 682 quod
1014 617 1144 666 vidit
1174 618 1359 682 scripta
1383 633 1561 666 eorum
1594 634 1725 681 quae
1753 617 1975 666 mittunt

385 685 479 733 sibi
515 685 579 732 ad
616 685 849 733 invicem.
927 684 1002 732 Et
1038 684 1170 733 dixit
1203 685 1369 750 primo
1404 684 1468 733 de
1509 684 1719 732 doctore
1762 685 1977 733 Murner

385 752 473 816 qui
505 758 584 800 est
612 751 755 817 quasi
783 757 937 816 caput
972 751 1106 799 illius
1141 751 1410 806 societatis,
1447 751 1587 815 quod
1623 750 1718 799 scit
1753 751 1977 816 perfecte

385 820 523 883 quod
548 818 654 883 ipse
679 819 967 883 composuit
990 835 1153 867 unum
1178 819 1366 866 librum
1398 818 1462 866 de
1497 817 1746 865 scandalis
1780 819 1976 884 praedi-

386 892 616 934 catorum
664 892 717 934 et
763 901 925 932 unum
972 885 1128 932 alium
1186 885 1238 932 in
1295 885 1643 933 defensionem
1702 885 1972 933 Reuchlin.

387 954 575 1001 Postea
599 952 887 1000 nominavit
911 951 1280 1000 Hermannum
1309 951 1604 1007 Buschium,
1630 951 1802 1000 dicens
1839 952 1976 1016 quod

386 1020 515 1068 vidit
548 1020 816 1084 epistolam
844 1017 951 1066 eius
986 1019 1037 1066 in
1074 1036 1175 1084 qua
1210 1019 1467 1084 promittit
1503 1018 1648 1067 sociis
1682 1019 1800 1074 suis,
1837 1020 1976 1083 quod

386 1104 490 1135 non
536 1087 651 1135 vult
696 1102 804 1134 esse
849 1085 1107 1141 minimus,
1156 1092 1209 1134 et
1255 1087 1496 1134 audacter
1543 1086 1657 1134 vult
1704 1092 1838 1134 stare
1883 1103 1976 1150 pro

387 1153 657 1202 Reuchlin.
733 1154 872 1201 Item
907 1152 1091 1202 deinde
1131 1152 1262 1202 dixit
1302 1153 1441 1217 quod
1483 1152 1640 1201 etiam
1681 1159 1759 1201 est
1799 1153 1851 1201 in
1891 1153 1977 1201 illa

388 1220 752 1269 Coniuratione
778 1220 965 1268 Comes
989 1220 1053 1268 de
1076 1236 1210 1268 nova
1235 1220 1431 1284 Aquila
1460 1219 1779 1268 Coloniensis
1810 1220 1976 1268 Cano-

386 1288 545 1343 nicuS,
581 1294 634 1335 et
667 1287 807 1351 quod
839 1286 955 1334 talis
991 1288 1280 1351 composuit
1316 1286 1566 1335 mirabilia
1601 1288 1664 1335 de
1700 1287 1977 1351 Theologis

386 1371 517 1419 quae
542 1354 654 1402 vult
679 1353 854 1401 statim
880 1353 1196 1417 imprimere:
1230 1355 1304 1402 Et
1329 1355 1435 1419 ipse
1460 1354 1614 1402 habet
1638 1355 1830 1402 multos
1855 1354 1978 1402 alios

386 1422 575 1469 amicos
601 1428 652 1470 et
676 1421 871 1469 nobiles
897 1437 1024 1484 quos
1060 1421 1166 1485 ipse
1201 1421 1356 1469 etiam
1393 1422 1606 1486 instigat
1641 1422 1839 1486 scriptis
1876 1421 1977 1470 suis

386 1489 524 1552 quod
549 1488 740 1536 debent
761 1488 932 1536 favere
957 1487 1173 1536 Iohanni
1199 1488 1468 1536 Reuchlin.
1534 1489 1671 1536 Item
1698 1488 1979 1536 Bilibaldus

387 1555 556 1604 nescio
592 1572 694 1620 quo
730 1555 901 1619 [quis],
939 1554 1026 1619 qui
1062 1555 1216 1604 debet
1250 1571 1357 1604 esse
1392 1555 1444 1602 in
1481 1555 1833 1621 Nurmberga:
1871 1555 1978 1620 ipse

388 1622 509 1671 fecit
545 1622 734 1670 multas
770 1622 934 1670 minas
976 1621 1148 1671 dicens
1172 1623 1311 1686 quod
1352 1622 1552 1670 realiter
1587 1623 1698 1670 vult
1741 1623 1979 1688 expedire

388 1690 678 1754 Theologos
704 1688 900 1754 scriptis
925 1689 1041 1737 suis.
1113 1689 1261 1737 Tunc
1285 1705 1381 1754 ego
1405 1690 1539 1738 dixi:
1578 1698 1605 1715 ‘⁶
1624 1689 1731 1745 Qui
1763 1690 1980 1738 moritur

388 1757 555 1813 minis,
608 1756 703 1805 Ille
759 1755 1160 1820 compulsabitur
1213 1757 1457 1813 bombiS‚”
1508 1757 1766 1805 teutonice
1819 1757 1981 1804 ‘Wer

389 1841 489 1872 von
518 1831 710 1872 trewen
740 1823 906 1879 stirbt‚
932 1824 1032 1871 den
1068 1824 1142 1872 sol
1177 1840 1297 1871 man
1332 1824 1429 1871 mit
1464 1824 1663 1872 furtzen
1700 1841 1817 1871 zum
1853 1823 1980 1888 grab

388 1891 660 1939 leutten.’''
744 1890 1049 1938 Nominavit
1089 1890 1214 1938 mihi
1255 1897 1433 1955 postea
1474 1907 1635 1938 unum
1677 1897 1885 1955 poetam
1927 1890 1978 1938 in

390 1957 628 2005 Erfordia
670 1957 757 2022 qui
799 1963 1011 2005 vocatur
1052 1957 1298 2006 Eobanus
1343 1959 1540 2005 Hessus
1581 1964 1633 2005 et
1674 1958 1829 2006 debet
1871 1974 1978 2005 esse

390 2025 588 2073 iuvenis
631 2031 682 2072 et
724 2025 1105 2089 expertissimus
1146 2031 1328 2089 poeta:
1370 2031 1422 2073 et
1462 2025 1578 2072 talis
1620 2025 1774 2072 habet
1817 2041 1978 2072 unum

391 2093 586 2140 socium
628 2091 818 2139 ibidem
859 2091 1057 2139 dictum
1105 2091 1368 2140 Petreium
1419 2092 1834 2155 Aperbachium:
1883 2091 1978 2156 ipsi

391 2165 709 2223 componunt
746 2158 846 2206 iam
887 2158 1040 2206 libros
1082 2175 1209 2222 quos
1245 2159 1428 2206 volunt
1469 2159 1645 2207 statim
1690 2158 1980 2223 imprimere

391 2226 485 2274 nisi
512 2225 763 2289 Theologi
787 2225 982 2273 faciunt
1008 2225 1331 2273 concordiam
1357 2242 1475 2273 cum
1500 2225 1771 2274 Reuchlin.
1844 2226 1979 2274 Cum

391 2293 485 2341 hoc
511 2293 664 2340 debet
689 2309 795 2340 esse
822 2292 1057 2357 Liptzick
1082 2309 1213 2340 unus
1238 2292 1492 2356 Anglicus
1521 2293 1689 2341 nescio
1718 2293 1981 2356 quomodo

390 2360 571 2408 dictus.
653 2359 753 2406 Sed
796 2361 945 2407 credo
985 2359 1123 2423 quod
1165 2365 1241 2408 est
1283 2359 1367 2407 ille
1409 2360 1497 2424 qui
1537 2360 1636 2407 fuit
1685 2366 1805 2408 ante
1853 2360 1980 2408 duos

389 2444 549 2475 annos
598 2426 857 2482 Coloniae,
907 2426 994 2490 qui
1043 2432 1121 2474 est
1168 2427 1324 2474 etiam
1372 2443 1516 2474 unus.
1594 2428 1669 2475 Et
1721 2427 1979 2474 Vadianus

390 2495 636 2550 Viennae,
662 2493 725 2540 de
749 2510 852 2556 quo
876 2493 1054 2540 dicunt
1080 2494 1219 2557 quod
1244 2500 1321 2541 est
1344 2493 1581 2541 terribilis
1605 2501 1768 2558 poeta.
1843 2495 1980 2542 Item

389 2560 441 2609 in
467 2561 622 2608 Curia
647 2559 930 2608 Cardinalis
955 2566 1031 2607 est
1056 2559 1266 2622 quidam
1294 2561 1483 2624 Caspar
1516 2561 1737 2608 Ursinus
1765 2561 1854 2624 qui
1887 2561 1981 2608 scit

437 2715 464 2735 ¹²
488 2718 598 2750 lim-iv.
614 2728 626 2750 .·
643 2715 786 2750 Froben
805 2715 846 2749 of
860 2714 965 2749 Basle
979 2713 1036 2758 (?).
1221 2715 1264 2748 of
1284 2714 1348 2749 the
1365 2715 1498 2749 earlier
1522 2715 1645 2749 critics
1662 2714 1707 2749 he
1728 2726 1798 2748 was
1815 2713 1980 2749 believed

437 2763 464 2782 ¹⁵
489 2766 640 2798 Murum·
652 2775 664 2798 .·
681 2764 718 2796 ii.
738 2761 773 2805 3,
791 2774 826 2795 n.
1221 2765 1259 2795 to
1278 2760 1369 2795 have
1388 2761 1459 2795 had
1477 2774 1498 2794 a
1515 2761 1612 2795 hand
1631 2763 1668 2795 in
1686 2762 1749 2796 the
1768 2761 1809 2795 E.
1828 2761 1871 2795 O.
1891 2761 1933 2795 V.

439 2812 468 2831 ¹⁹
494 2812 623 2845 Busa-h.
638 2822 650 2845 .·
666 2811 688 2844 i.
707 2810 740 2849 9,
759 2821 794 2843 η.
1269 2805 1294 2825 ²⁷
1325 2810 1484 2842 Bilibald.
1500 2820 1511 2842 .·
1529 2808 1563 2842 ii.
1582 2809 1641 2851 51,
1660 2821 1694 2842 η.

436 2857 463 2876 ²³
489 2860 575 2892 Nou.
607 2860 696 2901 Aq..·
725 2856 932 2898 Hermann,
962 2854 1058 2888 Graf
1080 2866 1149 2888 von
1268 2852 1296 2872 ³⁴
1321 2856 1508 2889 Eobanus:
1527 2856 1548 2888 i.
1569 2854 1627 2898 38,
1648 2868 1682 2889 71.

388 2904 575 2947 Neummr,
617 2916 646 2938 c.
690 2902 920 2943 1491—15303
970 2901 1073 2947 pupil
1114 2905 1150 2935 ot
1266 2899 1294 2918 ³⁸
1320 2903 1444 2944 Aperb.
1459 2914 1471 2936 .·
1489 2903 1524 2936 ii.
1542 2903 1596 2937 45.

391 2952 595 2994 Caesarius,
608 2951 695 2984 with
708 2951 826 2984 whom
838 2950 885 2983 he
896 2949 1027 2983 visited
1041 2948 1148 2994 Italy.
1266 2946 1294 2966 ⁸⁹
1319 2950 1420 2991 Anyl.
1437 2958 1449 2980 :
1481 2951 1534 2983 i.e.
1553 2949 1683 2984 (stroke.
1733 2950 1800 2984 See
1819 2950 1839 2984 i.
1859 2948 1916 2992 35,
1935 2960 1968 2983 η.

389 2997 555 3032 Himself
573 3009 594 3031 a
618 3009 703 3031 man
729 2997 770 3031 of
790 2996 932 3039 letters,
950 2996 1023 3029 and
1047 2996 1149 3030 Dean
1267 2993 1293 3013 ⁴¹
1326 2996 1498 3030 I'adiaus
1524 2997 1558 3030 ii.
1573 2996 1631 3040 30,
1650 3008 1684 3030 u.

387 3045 430 3079 of
442 3045 506 3079 the
522 3043 722 3078 Canonical
740 3044 901 3089 Chapter
917 3047 955 3077 at
972 3041 1148 3088 Cologne,
1266 3040 1294 3059 ⁴³
1322 3044 1425 3076 θανά.
1440 3054 1452 3077 .·
1478 3043 1612 3078 Matth.
1642 3043 1757 3088 Lang,
1793 3042 1912 3088 Ahbp.
1943 3042 1985 3077 of

389 3092 435 3125 he
477 3103 547 3125 was
587 3104 608 3125 a
648 3089 779 3125 liberal
820 3094 951 3136 patron
1000 3089 1042 3124 of
1085 3089 1149 3123 the
1219 3088 1405 3133 Salzburg.

390 3139 595 3171 humanists
620 3138 662 3171 of
682 3138 739 3171 his
764 3137 848 3182 day,
867 3137 940 3171 and
962 3148 982 3170 a
1005 3141 1148 3170 strenu-
1266 3134 1294 3154 ‘³
1324 3137 1501 3171 Ursinus:
1520 3136 1655 3182 Caspai·
1673 3137 1826 3171 Ursinus
1837 3136 1978 3179 Velius,

389 3197 455 3219 ous
474 3184 655 3230 upholder
668 3184 709 3218 of
724 3183 918 3219 Reuchlin.
970 3184 1025 3229 By
1038 3194 1149 3228 many
1221 3182 1438 3226 1493-1538‚
1456 3194 1477 3216 a
1503 3185 1714 3229 precocious
1738 3183 1883 3218 scholar
1901 3183 1980 3218 who

1148 3243 1244 3285 256
