2247 3637
379 578 417 607 30

457 251 928 307 EPISTOLAE
992 251 1582 308 OBSCURORUM
1641 251 2047 308 VIRORUM

452 358 849 406 fundamentalis
885 365 938 407 et
978 359 1142 407 bonus
1179 359 1416 408 scholaris
1451 366 1505 408 et
1545 359 1647 407 iam
1688 360 1832 423 quasi
1868 359 2047 408 valetis

452 442 615 473 unum
640 425 905 474 doctorem
923 427 949 443 '’
971 444 980 474 :
1017 427 1105 474 sed
1134 443 1231 490 ego
1260 443 1373 474 sum
1396 427 1609 475 timidus
1633 434 1687 475 et
1710 443 1813 475 non
1838 442 2046 490 possum

452 491 618 540 dicere
654 508 823 540 meam
859 492 1225 541 infirmitatem.
1297 493 1414 558 Ego
1449 494 1564 558 lego
1598 493 1845 542 Ovidium
1878 494 1941 542 de
1971 510 2046 541 re-

451 560 621 608 medio
646 560 829 608 amoris
853 576 1010 623 quem
1037 560 1281 608 Coloniae
1311 561 1507 626 glosavi
1540 578 1569 608 a
1600 567 1768 608 vestra
1791 561 2046 624 dignitate

453 643 571 674 cum
613 626 789 674 multis
830 627 1142 675 notabilibus
1183 634 1236 675 et
1277 627 1651 676 moralitatibus
1692 628 1745 675 in
1786 627 2043 692 margine:

452 709 630 740 verum
672 710 776 742 non
817 693 975 750 iuvat,
1017 694 1137 757 quia
1176 694 1273 742 iste
1313 711 1455 742 amor
1495 694 1726 759 quotidie
1768 695 1827 742 fit
1868 694 2042 742 maior.

421 757 632 824 dNuper
678 760 924 808 chorisavi
972 778 1090 809 cum
1137 778 1196 810 ea
1240 768 1319 810 ter
1364 762 1416 809 in
1464 762 1643 811 chorea
1689 761 1945 810 serotinali
1992 761 2045 809 in

378 911 417 941 35

377 1246 415 1274 40

377 1581 416 1610 45

376 1915 414 1945 50

376 2249 415 2279 55

374 2587 412 2617 60

451 828 606 875 domo
642 827 863 883 sculteti,
898 834 1024 876 tunc
1061 828 1314 877 fistulator
1347 829 1596 876 fistulavit
1638 829 1944 877 cantilenam
1981 829 2044 876 de

450 901 651 959 pastore
686 895 750 942 de
785 911 918 942 nova
954 895 1177 955 ciffiate,
1202 902 1256 943 et
1290 896 1465 944 statim
1501 912 1677 944 omnes
1713 895 2045 944 chorisatores

451 955 877 1026 amplexabantur
918 978 1033 1010 suas
1075 962 1293 1027 virgines
1334 963 1466 1011 sicut
1512 979 1622 1011 mos
1664 969 1754 1010 est.
1832 962 1907 1010 Et
1948 979 2044 1026 ego

450 1029 606 1076 etiam
653 1045 821 1076 meam
868 1029 1016 1077 valde
1062 1029 1393 1078 amicabiliter
1434 1030 1706 1094 compressi
1754 1029 1817 1076 ad
1865 1035 2043 1093 pectus

451 1112 626 1143 meum
675 1112 794 1143 cum
843 1095 944 1144 suis
991 1096 1243 1145 mamillis.
1340 1097 1449 1144 Nec
1497 1114 1600 1145 non
1647 1097 1796 1161 tetigi
1844 1097 2044 1144 fortiter

449 1178 631 1210 manus
667 1162 789 1219 eius,
827 1170 953 1210 tunc
995 1164 1102 1228 ipsa
1137 1163 1247 1212 risit
1281 1170 1333 1211 et
1369 1163 1528 1213 dixit:
1573 1165 1671 1211 “in
1707 1164 1877 1211 anima
1913 1179 2041 1219 mea,

448 1229 656 1277 domine
696 1230 953 1294 magister,
990 1248 1080 1278 vos
1115 1231 1236 1279 estis
1277 1230 1591 1279 delectabilis
1626 1231 1716 1286 vir,
1753 1237 1805 1278 et
1847 1231 2043 1278 habetis

449 1296 703 1346 molliores
738 1314 922 1346 manus
953 1315 1109 1362 quam
1142 1299 1240 1355 alii,
1273 1314 1377 1346 non
1413 1297 1607 1346 debetis
1640 1298 1870 1346 sacerdos
1907 1297 2042 1346 fieri:

448 1363 535 1411 sed
578 1380 791 1412 uxorem
833 1364 1060 1430 accipere
1077 1366 1132 1414 ”z
1176 1371 1229 1414 et
1269 1365 1491 1429 inspexit
1531 1381 1615 1413 me
1654 1364 2039 1420 delectabiliter,

448 1431 586 1494 quod
623 1447 720 1496 ego
755 1432 906 1480 credo
941 1433 1080 1496 quod
1117 1449 1199 1480 me
1235 1432 1390 1481 etiam
1423 1432 1624 1480 occulte
1658 1438 1826 1481 amat:
1863 1448 2042 1480 verum

449 1497 584 1545 oculi
625 1499 732 1546 eius
774 1515 859 1547 cor
900 1516 1074 1548 meum
1118 1500 1187 1547 sic
1234 1499 1491 1547 laeserunt
1533 1498 1665 1547 sicut
1711 1515 1813 1547 una
1854 1499 2042 1564 sagitta

447 1565 817 1629 pertransisset.
889 1565 963 1614 Et
978 1566 1134 1615 etiam
1154 1565 1222 1615 ivi
1242 1567 1305 1614 ad
1324 1567 1539 1614 domum
1560 1583 1677 1614 cum
1696 1567 1890 1615 famulo
1909 1582 2040 1623 meo,

447 1638 501 1680 et
542 1632 689 1697 posui
724 1649 808 1681 me
843 1633 908 1680 ad
942 1633 1167 1682 lectum:
1216 1639 1342 1681 tunc
1379 1640 1541 1682 mater
1577 1650 1692 1682 mea
1726 1634 1885 1691 flevit,
1922 1633 2042 1697 quia

446 1697 626 1746 timuit
673 1699 812 1763 quod
854 1700 1095 1749 haberem
1141 1701 1500 1765 pestilentiam,
1544 1718 1601 1748 ac
1650 1701 1876 1749 cucurrit
1923 1717 2041 1748 cum

448 1765 594 1814 urina
618 1783 733 1814 mea
761 1767 826 1814 ad
859 1768 1122 1816 doctorem
1148 1768 1451 1816 Brunellum
1477 1767 1728 1816 clamans:
1767 1775 1795 1794 ‘⁶
1813 1767 2042 1816 Domine

447 1832 643 1890 doctor,
678 1850 803 1898 rogo
844 1851 934 1883 vos
976 1842 1183 1900 propter
1223 1835 1394 1891 deum,
1431 1836 1605 1884 iuvate
1645 1835 1810 1884 filium
1847 1852 2038 1891 meum,

447 1899 564 1947 volo
601 1901 744 1949 vobis
779 1901 898 1950 dare
936 1903 999 1949 ad
1039 1903 1306 1967 propinam
1343 1919 1498 1950 unam
1540 1903 1727 1950 bonam
1766 1902 2039 1959 camisiam,

446 1967 566 2030 quia
589 1968 797 2032 promisi
821 1969 958 2033 quod
983 1970 1136 2018 debet
1160 1970 1391 2017 sacerdos
1417 1969 1568 2019 fieri.”
1638 1970 1787 2018 Tunc
1812 1969 2041 2018 medicus

447 2033 577 2082 vidit
623 2034 838 2091 urinam,
886 2043 939 2084 et
984 2036 1146 2085 dixit:
1201 2036 1332 2084 “ille
1383 2036 1581 2101 patiens
1632 2054 1723 2101 pro
1771 2042 1916 2101 parte
1962 2043 2042 2085 est

448 2100 726 2150 cholericus
761 2109 815 2150 et
848 2120 941 2167 pro
975 2110 1120 2168 parte
1155 2103 1491 2168 flegmaticus,
1528 2104 1634 2169 ipse
1669 2103 1825 2152 habet
1858 2103 2042 2152 timere

448 2167 513 2215 de
553 2185 742 2232 magno
789 2176 994 2218 tumore
1035 2170 1165 2219 circa
1210 2187 1354 2219 renes
1400 2178 1608 2236 propter
1653 2171 1941 2219 inflationes
1982 2187 2040 2219 ac

448 2240 708 2283 tormenta
741 2237 1037 2285 ventricalia
1068 2254 1131 2285 ex
1164 2238 1298 2286 mala
1329 2237 1627 2302 digestione,
1654 2238 1807 2286 debet
1839 2254 2040 2286 sumere

448 2302 753 2349 medicinam
789 2304 1155 2352 extractivam:
1198 2311 1275 2354 est
1310 2322 1412 2352 una
1446 2305 1601 2353 herba
1636 2323 1767 2369 quae
1803 2305 2039 2353 videlicet

447 2367 633 2417 dicitur
666 2369 805 2434 gyni,
841 2387 1052 2419 nascens
1087 2372 1140 2419 in
1175 2372 1298 2420 locis
1334 2372 1571 2428 humidis,
1604 2373 1794 2420 habens
1828 2389 2037 2436 gravem

447 2435 671 2492 odorem,
715 2437 845 2485 sicut
892 2438 1044 2486 docet
1091 2439 1405 2495 Herbarius3
1458 2440 1593 2487 illius
1638 2440 1822 2487 herbae
1870 2446 2038 2503 partes

446 2501 704 2551 inferiores
745 2504 940 2552 debetis
981 2512 1254 2561 conterere,
1297 2512 1350 2553 et
1393 2523 1509 2553 cum
1553 2522 1644 2553 suo
1683 2522 1834 2554 succo
1875 2506 2039 2554 facere

446 2586 609 2617 unum
656 2571 870 2635 longum
917 2572 1266 2637 emplastrum,
1316 2579 1369 2620 et
1419 2573 1464 2620 ei
1516 2589 1702 2637 ponere
1750 2572 1813 2619 ad
1863 2579 2036 2620 totum

446 2643 679 2685 ventrem
728 2655 880 2686 suum
928 2638 1050 2686 hora
1091 2646 1350 2695 consueta,
1393 2646 1446 2687 et
1491 2640 1645 2687 debet
1685 2640 1846 2687 iacere
1888 2657 2039 2705 super

446 2711 678 2752 ventrem
704 2722 856 2753 suum
889 2706 1017 2754 bene
1047 2707 1110 2753 ad
1144 2722 1300 2753 unam
1334 2706 1511 2753 horam
1537 2706 1764 2753 multum
1789 2707 2036 2763 sudando,

444 2770 513 2817 sic
548 2771 653 2819 sine
686 2772 842 2820 dubio
876 2773 1145 2821 cessabunt
1183 2773 1267 2820 illa
1301 2779 1562 2820 tormenta
1591 2773 1886 2821 ventricalia
1918 2790 2037 2822 cum

490 2895 517 2914 ³⁴
541 2900 664 2932 seusa:
697 2899 917 2943 praefectus,
947 2899 1009 2933 “J
1016 2900 1110 2934 udex
1145 2911 1207 2944 op·
1319 2897 1346 2916 ⁵⁷
1375 2901 1493 2941 Gyni:
1516 2901 1570 2933 i.c.
1590 2899 1681 2939 γυνή.

443 2944 573 2988 pidi'';
599 2945 658 2978 Du
679 2946 812 2991 (lange.
1318 2943 1347 2963 ⁵⁸
1372 2947 1500 2981 Herb..·
1551 2958 1597 2980 an
1646 2957 1875 2991 anonymous
1925 2946 2036 2989 work,

488 3010 516 3029 35
594 3025 603 3033 ἶ,
692 3025 699 3033 ,
830 3015 860 3034 -‚
1272 2992 1466 3027 otherwise
1515 2997 1728 3037 swyreyator
1772 2996 1950 3036 practicus
1995 2996 2036 3028 de

539 3017 694 3054 mamre·
724 3014 788 3048 the
805 3026 854 3048 ³⁴¹¹
878 3015 920 3048 Of
932 3027 979 3048 3¹¹
997 3014 1058 3049 old
1074 3015 1206 3059 ballad’
1271 3041 1497 3082 simplicibus,
1516 3045 1554 3073 to
1582 3041 1624 3075 be
1648 3040 1917 3084 distinguished
1940 3041 2034 3075 from

441 3059 462 3076 u
474 3058 543 3093 D¹e
562 3060 731 3094 Sohiifers
749 3073 819 3095 νου
838 3061 1058 3096 Neustadt.'’
1272 3090 1485 3129 Ayyreyator
1502 3089 1542 3120 (lc
1564 3090 1743 3121 medicinis
1764 3089 1976 3130 simplicibus
1998 3087 2039 3121 of

488 3125 514 3144 ⁴⁸
546 3130 739 3163 ermcllus.
776 3130 844 3165 See
858 3130 956 3163 Hain
973 3129 1205 3175 (16214-18).
1271 3132 1431 3167 Jacobus
1449 3134 1493 3167 de
1512 3134 1663 3169 Dondis.

1221 3193 1283 3234 86
