2247 3637
210 276 266 315 11.
293 279 358 327 14]
632 265 866 322 OTHO
928 265 1391 320 HEMERLIN

319 373 412 421 llle
436 389 555 436 ergo
580 373 668 436 qui
694 380 770 420 est
795 373 1203 422 inrnatriculatus
1228 374 1278 421 in
1304 373 1482 421 decem
1507 373 1805 421 universita-
1842 381 1879 409 ⁴0

213 441 368 496 tibus,
393 439 549 488 etiam
575 440 638 486 ad
662 447 867 505 tempus
898 441 1097 489 studuit
1122 440 1173 488 in
1199 440 1284 496 eis,
1311 440 1520 488 audiens
1545 440 1804 497 lectiones,

208 515 268 556 ret
303 523 506 556 servans
542 512 753 563 statuta,
790 507 929 556 facto
970 508 1126 556 etiam
1169 513 1222 555 et
1264 513 1464 555 servato
1492 506 1805 570 juramento,

213 575 461 623 exhibens
518 573 765 622 honorem
826 575 1088 639 Magistris
1158 581 1211 623 et
1268 573 1578 629 doctoribus,
1638 581 1808 639 potest

208 641 410 690 dicere:
453 648 481 667 ‘⁴
502 640 619 705 Ego
645 657 758 688 sum
796 643 1027 690 membra
1062 642 1239 691 decem
1267 640 1727 697 Universitatum‚’'
1753 649 1806 690 et

213 725 318 757 non
344 716 372 734 ‘⁶
393 707 729 756 membrum.”
1844 717 1880 746 45

317 776 392 823 Et
432 791 535 822 non
574 781 652 822 est
692 775 872 824 Oratio
914 777 1210 840 incongrua,
1235 774 1470 839 quamvis
1504 774 1569 823 sit
1601 774 1671 823 ibi
1706 774 1808 823 dis-

211 842 469 891 conientia
505 842 556 890 in
593 858 822 891 numero.
897 844 1035 901 Quia
1078 844 1136 891 fit
1177 843 1246 891 ibi
1282 842 1550 907 appositio,
1587 841 1719 891 sicut
1756 842 1807 889 in

214 909 460 974 Virgilio:

500 991 525 1009 “
540 987 772 1024 Formosum
794 993 927 1037 pastor
947 988 1119 1025 Coridon
1139 988 1308 1026 ardebat
1328 988 1513 1035 Alexem,

540 1040 714 1078 Delitias
733 1041 925 1079 domini.'’
1847 1053 1884 1082 50

215 1137 357 1193 Quia
397 1137 466 1184 ibi
503 1137 659 1185 etiam
696 1137 895 1194 Alexis,
937 1138 1027 1202 qui
1068 1144 1146 1186 est
1188 1138 1355 1187 solum
1402 1154 1534 1186 unus
1576 1137 1810 1193 rusticus,

215 1204 404 1253 dicitur
428 1221 534 1253 esse
559 1204 764 1253 delitiae
788 1222 877 1270 per
901 1205 1257 1270 Appositione.

318 1271 393 1320 Et
418 1271 634 1320 credatis
659 1272 786 1320 mihi
811 1271 950 1335 quod
976 1278 1055 1321 est
1089 1289 1193 1320 una
1217 1271 1473 1320 subtilitas
1497 1271 1645 1320 valde
1669 1278 1813 1320 nota-

217 1339 343 1387 bilis.
419 1338 538 1403 Ego
562 1339 715 1387 didici
740 1340 947 1403 quando
973 1339 1092 1388 steti
1113 1340 1395 1395 Leuoniae‚
1415 1346 1467 1388 et
1492 1339 1721 1387 nondum
1738 1338 1813 1386 fui

216 1405 518 1462 baculaiius,
534 1407 741 1470 quando
757 1407 880 1454 haec
899 1406 1112 1455 materia
1126 1406 1226 1454 fuit
1245 1406 1507 1482 disputata
1523 1423 1612 1471 per
1630 1412 1816 1469 quator
1850 1419 1888 1449 55

215 1473 336 1522 dies.
427 1473 549 1521 Non
590 1473 819 1522 habeatis
867 1490 958 1538 pro
1005 1473 1375 1538 indignatione,
1412 1473 1532 1537 quia
1573 1491 1636 1522 ex
1679 1473 1814 1522 bono

214 1539 390 1606 scripsi
410 1557 441 1588 v
445 1540 553 1588 obis
578 1547 632 1589 et
655 1541 851 1589 Valete.

325 1625 477 1662 Datum
508 1625 828 1664 CONFLUENTIAE.

949 1767 1085 1815 XIV

402 1907 466 1955 ([
502 1905 582 1954 M.
625 1905 851 1953 OTHO
886 1905 1350 1953 HEMERLIN
1379 1905 1639 1970 Dlagistro

796 1973 1013 2021 Ortvino
1054 1973 1243 2021 Gratio

312 2110 595 2158 ALUTIS
618 2110 899 2158 maximam
921 2109 1151 2175 Copiam.
1213 2110 1525 2159 Venerabilis
1551 2110 1818 2175 Magister,

346 2177 632 2226 dominatio
658 2184 826 2226 vestra
862 2194 1104 2241 magnam
1139 2178 1360 2242 gratiam
1397 2178 1521 2227 fecit
1549 2177 1674 2226 mihi
1704 2177 1820 2226 mit-

215 2244 377 2294 tendo
424 2244 570 2293 illum
618 2244 899 2293 notabilem
957 2245 1144 2293 librum
1194 2245 1438 2294 Iohannis
1477 2245 1818 2300 Pfefferkorn‚
1857 2258 1875 2288 5

214 2312 309 2376 qui
344 2312 640 2360 intitulatur
678 2322 704 2339 ‘⁶
727 2312 975 2361 Defensio
1002 2312 1244 2360 Iohannis
1282 2312 1607 2362 Pfeff'erkorn
1644 2318 1820 2361 contra

220 2379 485 2427 famosas.'’
571 2380 690 2444 Ego
726 2396 830 2428 non
871 2396 1080 2445 possum
1122 2379 1359 2428 admirari
1398 2380 1534 2437 satis,
1572 2379 1710 2443 quod
1750 2379 1819 2428 sic

219 2446 516 2495 notabiliter
550 2452 603 2495 et
639 2446 948 2496 excellenter
972 2446 1056 2496 ille
1079 2446 1155 2495 vir
1183 2447 1508 2512 reprehendit
1534 2447 1818 2495 Iohannem

220 2513 492 2563 Reuchlin.
555 2513 751 2562 Etd1x1
771 2515 976 2578 quando
994 2514 1124 2580 legi:
1162 2522 1191 2542 ‘⁶
1210 2515 1318 2563 Iste
1335 2513 1592 2563 Reuchlin
1612 2513 1820 2562 deberet

220 2579 440 2630 libenter
463 2598 572 2630 esse
600 2588 848 2630 mor.tuus
857 2582 883 2598 ”
954 2582 1056 2631 Sed
1091 2581 1341 2647 plabanus
1362 2582 1572 2645 quidam
1597 2579 1820 2628 existens
1856 2592 1893 2622 10

223 2648 387 2696 bonus
426 2648 799 2706 Reuchlinista‚
842 2665 1042 2714 semper
1082 2649 1298 2714 opponit
1339 2648 1466 2696 mihi
1507 2650 1750 2712 Arguens
1792 2664 1821 2695 a

224 2714 402 2763 maiori
445 2715 510 2763 ad
553 2716 735 2765 minus,
809 2716 884 2765 Et
919 2715 1027 2765 heri
1067 2722 1189 2764 ante
1227 2732 1460 2780 vesperas
1501 2714 1708 2779 quando
1752 2714 1820 2762 ivi

220 2797 399 2829 secum
420 2782 721 2846 spaciatum,
738 2783 862 2832 haec
887 2783 1042 2832 verba
1061 2783 1331 2832 exiverunt
1357 2783 1420 2830 ab
1446 2798 1530 2830 ore
1556 2797 1677 2830 suo:
1715 2788 1744 2808 “
1767 2781 1821 2830 Si

223 2847 476 2912 Theologi
501 2866 605 2898 non
636 2850 974 2900 obtinuerunt
1000 2857 1177 2899 contra
1202 2849 1458 2898 Reuchlin
1483 2848 1535 2896 in
1561 2847 1820 2905 Almania‚

227 2915 395 2964 multo
443 2916 611 2964 minus
659 2917 971 2966 obtinebunt
1024 2917 1075 2965 in
1115 2917 1270 2965 Curia
1312 2917 1566 2971 Romana,
1609 2915 1730 2980 quia
1770 2915 1822 2963 in
1859 2927 1895 2957 15

229 2981 382 3030 Italia
422 2989 543 3031 sunt
589 2984 870 3033 doctissimi
912 2984 1021 3041 viri,
1059 2990 1112 3032 et
1154 2984 1332 3031 statim
1372 2981 1662 3047 intelligent
1697 2983 1823 3032 stul·

370 3093 398 3113 ‘⁸
424 3097 452 3127 Ι
452 3097 505 3139 ἰν9
527 3095 691 3140 .·.Eclog
715 3097 752 3131 ii.
773 3096 805 3131 1
1154 3095 1166 3114 ¹
1187 3097 1375 3129 Hemerlin.
1430 3095 1497 3129 See
1514 3094 1549 3129 ii.
1569 3096 1625 3132 70.

387 3141 533 3177 ⁴Ivn..
551 3143 609 3176 for
626 3145 671 3176 Lr
656 3145 813 3178 maniae.
1153 3140 1180 3160 ¹⁰
1201 3144 1291 3185 plab.
1341 3144 1410 3186 sie,
1430 3143 1466 3175 in
1486 3139 1561 3187 [D].

996 3204 1089 3246 165
