2247 3637
205 272 257 309 11.
287 272 348 322 16]
540 260 980 317 IOHANNES
1036 261 1546 318 PILEATORIS

314 371 365 418 in
393 370 619 418 Saxonia
644 376 918 433 potatores,
1181 369 1374 418 nobiles
1401 371 1450 418 in
1477 369 1774 424 Franconia,

314 505 364 551 in
392 503 610 551 Venetia
638 503 964 558 Mei-catores,
1178 510 1366 551 nautae
1391 503 1442 550 in
1469 503 1720 554 Selandia.

314 572 514 619 Romae
538 571 811 627 Curtisani,
1179 570 1477 619 Sodamitici
1494 571 1799 625 Florentiae,

312 639 364 685 in
389 637 633 686 Almania
659 637 973 703 Cappellarfi,
1179 656 1241 687 ex
1289 637 1464 686 ordine
1512 638 1764 702 praedica-

1243 712 1417 753 torum
1433 704 1797 768 indulgentiae,

198 772 272 821 Et
311 771 362 819 in
388 771 551 819 Frisia
570 771 783 826 Caballi‚
1066 772 1137 820 Et
1177 779 1405 821 textores
1430 772 1722 836 Augustae,

313 838 364 886 in
388 844 524 886 terra
551 839 794 887 Franciae
820 839 1009 895 vasalli,
1179 857 1266 904 per
1286 839 1525 887 Estatem
1551 838 1797 893 locustae,

312 905 473 970 pisces
497 905 550 954 in
577 906 822 962 Marchia,
1181 906 1465 955 Columbae
1513 906 1564 954 in
1609 906 1762 953 wet-

1245 973 1426 1028 trania,

311 1056 425 1088 sues
450 1039 502 1088 in
527 1040 848 1095 Pomerania,
1180 1040 1348 1089 caules
1372 1040 1424 1088 in
1450 1039 1678 1095 Ravana,

310 1123 430 1156 oves
454 1106 507 1155 in
529 1113 664 1155 terra
689 1108 928 1172 Angliae‚
1179 1108 1360 1156 alleces
1384 1107 1436 1155 in
1463 1106 1720 1163 Flandria,

313 1173 466 1222 boves
491 1173 542 1222 in
568 1190 726 1239 regno
752 1175 939 1230 daciae,
1181 1175 1310 1223 sacci
1335 1175 1387 1223 in
1410 1174 1674 1239 Turingia,

199 1299 262 1347 Id
332 1306 410 1348 est
479 1300 703 1348 infinitas
774 1300 977 1349 Salutes
1047 1300 1191 1348 vobis
1261 1306 1400 1365 opto,
1473 1298 1795 1347 Venerabilis

199 1366 464 1431 Magister,
491 1367 610 1431 quia
647 1367 765 1416 estis
801 1367 927 1415 mihi
963 1367 1035 1415 ita
1072 1368 1252 1415 charus
1290 1367 1422 1415 sicut
1450 1373 1528 1415 est
1558 1366 1796 1431 possibile

198 1434 250 1482 in
288 1434 500 1483 caritate
536 1451 640 1482 non
683 1434 815 1482 ficta.
890 1435 992 1482 Sed
1027 1435 1242 1499 possetis
1278 1434 1445 1482 dicere
1480 1434 1619 1497 quod
1655 1433 1796 1497 fingo

196 1501 338 1549 illam
374 1501 719 1558 dilectionem,
753 1500 874 1565 quia
908 1517 1013 1549 non
1050 1501 1254 1550 creditis
1289 1501 1428 1566 quod
1465 1507 1543 1548 est
1579 1501 1651 1548 ita
1688 1517 1794 1548 cor-

196 1568 374 1617 dialis:
411 1568 568 1633 igitur
592 1585 696 1616 non
715 1568 832 1616 volo
858 1569 1084 1617 multum
1114 1568 1331 1617 scribere
1367 1568 1431 1615 de
1466 1567 1563 1616 illa.
1640 1568 1795 1616 Unde

197 1652 370 1684 versus
431 1636 619 1684 “Laus
684 1634 888 1700 proprio
955 1636 1127 1684 sordet
1194 1635 1245 1683 in
1313 1635 1443 1690 ore,”
1509 1634 1795 1684 Teutonice

198 1702 435 1768 “Eygen
476 1702 563 1750 lob
611 1702 806 1750 stinckt
846 1703 1046 1767 geren.”
1152 1702 1254 1752 Sed
1301 1702 1354 1750 in
1395 1701 1599 1767 signum
1642 1701 1795 1750 dilec-

195 1769 349 1818 tionis
386 1770 540 1818 mitto
575 1769 719 1818 vobis
744 1769 826 1817 hic
850 1770 952 1817 duo
978 1787 1205 1826 munera,
1232 1769 1424 1818 scilicet
1448 1786 1613 1818 unum
1638 1770 1795 1818 Pater

195 1842 370 1886 noster
409 1837 608 1885 factum
650 1837 714 1885 de
756 1854 914 1884 cornu
962 1837 1103 1894 bufli,
1152 1844 1206 1886 et
1251 1836 1427 1902 tetigit
1468 1836 1795 1901 sepulchrum

197 1905 507 1953 Sanctorum
562 1904 704 1953 Petri
753 1910 806 1952 et
854 1905 1004 1953 Pauli
1052 1911 1105 1953 et
1152 1904 1343 1953 multas
1391 1904 1512 1952 alias
1557 1904 1795 1968 reliquias
1832 1927 1870 1955 05

195 1972 410 2020 Romae.
483 1971 558 2019 Et
578 1989 696 2020 cum
721 1971 818 2019 hoc
842 1971 939 2019 feci
963 1978 1065 2020 tres
1091 1971 1268 2019 missas
1286 1971 1516 2036 superius
1535 1971 1649 2036 legi.
1722 1971 1795 2019 Et

194 2038 375 2087 dicunt
429 2039 568 2103 quod
621 2039 757 2087 valet
811 2045 989 2087 contra
1043 2039 1266 2087 latrones
1313 2046 1366 2088 et
1415 2055 1592 2087 omnes
1640 2039 1796 2087 inter—

194 2105 482 2155 fectoriales
517 2104 787 2169 nequitias,
821 2106 1028 2170 quando
1063 2105 1246 2171 aliquis
1281 2113 1392 2154 orat
1430 2105 1706 2154 Rosarium
1743 2106 1795 2154 in

194 2190 271 2221 e0.
347 2173 584 2221 Secundo
621 2173 776 2221 mitto
818 2173 963 2222 vobis
1004 2190 1163 2222 unam
1203 2189 1312 2222 rem
1356 2179 1389 2237 q
1427 2179 1504 2221 est
1543 2173 1702 2238 ligata
1743 2173 1795 2221 in

193 2239 448 2304 paniculo,
473 2246 526 2288 et
561 2239 716 2288 habet
752 2239 971 2289 virtutes
1008 2247 1185 2289 contra
1221 2247 1496 2305 serpentes,
1529 2240 1648 2304 quia
1690 2239 1794 2288 vidi

194 2306 637 2372 experimentum3
706 2313 758 2355 et
816 2307 1230 2372 quandocunque
1302 2308 1449 2370 (deus
1516 2307 1792 2365 custodiat)

194 2374 398 2423 mordet
434 2390 523 2422 vos
559 2390 692 2422 unus
728 2390 948 2439 serpens,
983 2381 1110 2424 tunc
1147 2392 1251 2423 non
1287 2381 1442 2423 nocet
1480 2374 1655 2423 vobis:
1697 2390 1794 2439 ego

195 2441 311 2490 dedi
348 2458 512 2489 unum
549 2441 815 2489 Carlinum
856 2459 962 2506 pro.
1034 2442 1159 2490 Fuit
1202 2442 1284 2491 hic
1326 2460 1458 2492 unus
1500 2441 1553 2490 in
1595 2442 1794 2506 Campo

194 2508 349 2557 florae
384 2508 474 2573 qui
508 2508 632 2557 facit
669 2508 918 2557 mirabilia
952 2526 1042 2575 per
1078 2510 1324 2558 virtutem
1356 2509 1518 2558 sancti
1552 2507 1715 2563 Pauli,
1742 2514 1795 2556 et

193 2576 371 2624 habuit
430 2575 658 2624 multum
710 2576 775 2624 de
826 2576 1147 2641 serpentibus
1199 2576 1493 2626 terribiliter
1543 2574 1794 2630 formatis,

241 2721 269 2741 ¹⁴
287 2722 487 2755 Frauconia
499 2732 512 2755 .·
529 2720 704 2756 Hutten's
715 2721 838 2755 native
850 2732 963 2756 coun-
1077 2720 1106 2739 ³³
1124 2724 1230 2755 Pater
1264 2725 1350 2755 nost.
1362 2733 1374 2755 .·
1406 2719 1628 2765 specifically
1656 2731 1726 2754 one
1759 2719 1802 2754 of

193 2771 265 2803 trv.
1029 2768 1094 2803 the
1111 2768 1234 2813 lai-ger
1252 2768 1360 2802 beads
1378 2768 1416 2801 in
1434 2779 1455 2800 a
1472 2778 1611 2807 rosarv‚
1630 2767 1797 2811 dividing

233 2806 269 2834 '¹⁶
288 2816 438 2848 Florem.
487 2813 566 2848 The
590 2813 664 2849 evil
689 2816 899 2860 reputation
925 2815 968 2849 of
1031 2815 1162 2850 decads
1192 2815 1234 2849 of
1261 2813 1412 2848 smaller
1440 2825 1538 2848 ones
1575 2804 1704 2856 'Hei-e,
1731 2813 1796 2849 the

196 2861 233 2895 F.
247 2862 277 2895 is
291 2860 462 2895 reflected
477 2862 514 2894 in
527 2861 591 2895 the
604 2861 963 2905 wordsfloreutiuare
1030 2861 1147 2897 whole
1166 2873 1301 2906 rosary.

194 2908 468 2950 andflorenzer.
519 2908 585 2942 See
603 2908 761 2951 Grinim,
775 2910 962 2943 Deutscfees
1076 2918 1105 2938 ³⁴
1122 2921 1216 2963 bufli·
1266 2920 1343 2954 Not
1358 2918 1556 2954 elsewhere
1573 2919 1701 2955 found,

207 2955 440 2996 muirtemne-h,
460 2954 615 2999 Leipsic,
639 2955 739 2989 1861.
1076 2976 1102 2995 ³⁷
1123 2978 1281 3020 intense&
1343 2977 1379 3009 Y
1403 2982 1418 3012 t
1457 2976 1469 3011 l
1545 2976 1568 3011 h
1651 2976 1669 3010 f
1745 2978 1765 3011 d

242 3000 269 3020 ¹⁹
287 3003 431 3034 Friaia:
457 3000 647 3035 Friesland
1284 3005 1292 3012 ⁶
1344 2995 1355 3011 Α
1381 2989 1401 3011 ⁰
1435 2988 1455 3012 e
1472 2988 1542 3012 sew
1572 2988 1633 3012 ere
1666 2989 1741 3012 oun
1771 3005 1778 3012 '

242 3047 269 3067 ιο
287 3075 297 3080 Δ
297 3052 435 3091 ,lu-9213&
448 3059 460 3082 :
485 3029 695 3093 Augsbuig.
1076 3034 1104 3053 ³³
1125 3038 1245 3070 linear.
1258 3047 1271 3070 .·
1295 3035 1359 3070 the
1373 3036 1485 3070 series
1499 3035 1541 3070 of
1550 3035 1742 3071 devotioris
1756 3036 1794 3070 in

243 3096 270 3116 ²1
297 3096 437 3129 Wettn:
459 3094 523 3128 the
536 3090 681 3129 district
698 3095 741 3129 of
754 3095 961 3130 Wetterau.
1030 3082 1146 3116 Whst’h
1165 3082 1231 3116 the
1251 3083 1277 3099 “
1290 3082 1399 3117 beads
1411 3083 1430 3097 ”
1447 3094 1510 3117 ³¹0
1528 3083 1629 3118 used·

250 3142 276 3161 ²⁵
288 3143 441 3175 Dat-iae.-
468 3140 660 3186 Hungary.
1077 3139 1105 3159 ⁴³
1121 3142 1206 3174 carl.
1257 3140 1325 3174 See
1343 3140 1378 3175 ii.
1398 3139 1457 3182 26,
1477 3151 1510 3174 η.

961 3201 1047 3246 171

1835 526 1871 555 15

1833 860 1870 890 20

1831 1197 1869 1226 25

1829 1587 1868 1617 30

1831 2262 1868 2290 40

1831 2596 1868 2625 45
