2247 3637
220 252 273 290 11.
300 254 364 302 12]
600 240 1143 296 WILHELMUS
1199 239 1439 295 LAMP

219 352 336 415 Ego
360 365 522 414 nuper
545 348 619 396 fui
644 348 802 396 iratus
828 365 977 414 super
1002 365 1165 396 unum
1193 348 1435 396 Iuristam
1465 348 1553 412 qui
1583 348 1814 397 defendit

218 435 354 473 eum,
392 417 465 464 Et
506 415 679 479 scripsi
723 432 885 463 unum
916 432 1117 463 carmen
1154 415 1427 463 metricum
1465 421 1641 463 contra
1677 432 1811 464 eum.

219 484 432 533 Etenim
474 483 611 530 soleo
652 483 906 546 poeticare
947 483 1119 538 etiam,
1156 481 1363 546 quando
1406 499 1520 529 sum
1562 482 1712 538 soluS‚
1750 499 1814 530 ex

218 552 353 599 Arte
394 549 731 598 metrificandi
781 549 975 597 Bebelii
1022 565 1152 613 quae
1199 555 1276 597 est
1323 549 1552 596 multum
1601 549 1810 597 subtilis.

218 619 317 667 Est
341 624 514 666 autem
541 616 635 664 hoc
662 617 896 664 Carmen.

488 735 757 782 Astripotenti
780 733 846 770 dei
905 734 1037 770 Mater
1058 732 1294 770 venerabilis
1316 732 1477 778 Christi,

544 787 606 823 Da
626 787 815 836 precibus
836 787 973 824 famuli
1029 800 1144 824 aures
1160 787 1357 836 benignas
1377 789 1437 823 tui
1454 802 1461 823 :

489 841 570 887 Qui
590 845 631 877 te
652 846 751 885 orat,
774 841 913 885 Maria,
972 854 1042 891 pro
1062 846 1200 878 sancta
1220 841 1455 890 Theologia,

542 895 690 931 Contra
709 907 830 944 quam
850 895 989 932 scribit
1047 895 1243 932 Reuchlin
1266 895 1410 931 Iurista
1429 894 1571 938 malus,

489 950 580 985 Non
600 948 837 986 clarificatus
893 962 968 986 nec
988 951 1159 998 desuper
1178 948 1439 994 illuminatus,

540 1003 725 1048 Qualiter
746 1015 832 1041 esse
853 1003 978 1040 debet
1034 1006 1101 1053 qui
1122 1003 1208 1039 vult
1229 1003 1389 1053 placere
1409 1002 1497 1039 tibi.

488 1057 596 1106 Ergo
616 1061 730 1093 tuum
750 1062 891 1093 natum
948 1061 1155 1094 memento
1176 1056 1325 1094 habere
1345 1062 1544 1106 rogatum,

544 1111 601 1148 Ut
621 1111 835 1148 subvenire
893 1111 991 1148 velit
1011 1110 1103 1147 huic
1125 1110 1334 1147 faculatati
1355 1123 1461 1148 suae.

216 1215 292 1263 Et
316 1222 393 1263 est
418 1214 723 1278 Elegiacum
747 1221 798 1262 et
824 1214 1083 1262 scanditur
1107 1215 1238 1262 sicut
1262 1213 1487 1279 primum
1513 1220 1738 1261 metrum
1764 1214 1814 1261 in

216 1283 400 1330 Boetio
431 1282 666 1346 Incipffis,
697 1290 724 1309 ‘⁶
744 1282 986 1330 Carmina
1011 1281 1100 1345 qui
1126 1282 1387 1345 quondam
1415 1281 1622 1342 [studio‚
1648 1281 1814 1345 etc.].”

218 1350 320 1397 Sed
346 1349 563 1397 nuncius
589 1365 692 1396 non
717 1349 850 1397 dixit
874 1349 998 1396 mihi
1023 1349 1163 1413 quod
1188 1348 1301 1396 vult
1330 1348 1401 1396 ita
1431 1348 1533 1396 cito
1562 1349 1813 1403 recedere,

216 1417 338 1464 alias
379 1416 519 1465 volui
566 1416 709 1464 vobis
757 1416 951 1464 misisse
998 1416 1144 1480 plura
1191 1421 1382 1464 metra:
1430 1420 1463 1479 q
1505 1415 1677 1480 scripsi
1723 1432 1814 1479 pro

218 1484 513 1532 defensione
542 1483 781 1532 ecclesiae
811 1490 863 1532 et
891 1483 1023 1531 fidei.
1098 1482 1240 1545 Ergo
1272 1481 1494 1546 cogitate
1524 1483 1663 1546 quod
1694 1482 1813 1530 mit-

217 1551 339 1599 tatis
359 1551 485 1599 mihi
508 1551 612 1599 tale
639 1557 995 1598 commentum
1020 1568 1049 1598 a
1074 1549 1216 1597 vobis
1241 1549 1594 1613 practicatum.
1664 1550 1814 1597 Tunc

217 1619 407 1667 iterum
466 1618 583 1666 volo
642 1617 833 1681 aliquid
886 1618 1006 1665 novi
1065 1616 1286 1664 mittere.
1385 1616 1569 1664 Valete
1627 1617 1814 1681 raptim

217 1686 429 1735 faustim
454 1685 617 1734 zelose
643 1685 845 1732 Datum
873 1685 1122 1732 Olmuntz
1148 1684 1199 1731 in
1227 1684 1476 1731 Moravia.

958 1985 1076 2032 XII

216 2122 280 2170 (I
323 2120 443 2168 MA
455 2120 754 2168 GISTER
806 2121 873 2168 W
871 2120 910 2167 I
908 2119 1217 2167 LHELM
1220 2120 1315 2167 US
1356 2119 1461 2167 LA
1471 2120 1593 2168 MP
1630 2121 1815 2169 artium

452 2188 711 2251 BIccgz'ster
746 2188 824 2234 M.
868 2187 1085 2235 Ortvz'no
1124 2187 1314 2235 Gratio
1351 2186 1570 2236 Salutem

341 2320 763 2369 EVERENDE
814 2321 922 2377 Vir,
974 2321 1258 2368 secundum
1313 2321 1452 2385 quod
1507 2321 1706 2370 dixistis
1766 2330 1818 2370 et

373 2387 653 2436 mandastis
706 2388 831 2436 mihi
879 2388 1019 2452 quod
1074 2387 1250 2436 statim
1299 2389 1507 2452 quando
1555 2389 1704 2437 venio
1752 2391 1816 2437 ad

218 2456 460 2513 Romam,
497 2456 659 2503 debeo
696 2456 840 2503 vobis
875 2455 1088 2503 scribere
1123 2456 1383 2519 quomodo
1420 2456 1656 2504 transivit
1693 2457 1817 2505 mihi

265 2592 292 2612 ⁴⁵
310 2594 444 2628 Bahal„-
485 2592 665 2626 Heinrich
706 2591 833 2635 Bebel,
872 2591 985 2626 1472-
1055 2591 1082 2608 ‘⁵
1103 2591 1274 2625 Carmina
1304 2591 1367 2636 qui
1398 2590 1581 2636 quondam
1607 2593 1730 2626 studio
1757 2593 1819 2627 flo-

219 2641 324 2683 1516,
339 2640 540 2674 humanist.
583 2639 787 2674 Laureated
806 2639 853 2684 by
867 2639 985 2673 Maxi-
1150 2642 1255 2672 rente
1273 2639 1413 2683 peregi,

218 2687 346 2721 milian
388 2688 426 2721 in
471 2688 572 2720 1501.
646 2686 794 2720 Author
833 2686 875 2720 of
912 2690 985 2720 Ars
1102 2684 1265 2728 Flebilis,
1292 2686 1379 2727 heu,
1406 2689 1562 2719 maestos
1589 2697 1699 2731 cogor
1725 2687 1819 2722 inire

218 2734 453 2777 verszfiecz'ndi,
480 2735 736 2768 Conmentaria
759 2735 982 2776 epistolarum
1148 2733 1306 2766 modos.''

219 2781 514 2824 COIfiCifflldarunh
535 2808 542 2815 .
567 2806 575 2814 ι
598 2807 605 2815 v
624 2785 746 2815 sontra
764 2782 984 2823 EPiStOlalldi
1100 2788 1128 2808 56
1146 2790 1190 2825 D·
1210 2791 1319 2823 ornits
1337 2790 1454 2823 *vol-ds
1472 2791 1509 2823 ill
1530 2790 1708 2825 brackets·

218 2830 336 2861 modos
352 2829 486 2870 Pontii,
507 2828 720 2870 Triumphus
745 2829 900 2869 Veneris,
916 2828 982 2861 Sco.
1101 2835 1128 2855 ⁵⁹
1146 2840 1311 2880 wyslam,-
1338 2838 1364 2853 ‘⁶
1376 2836 1521 2870 mjnsljv

219 2875 287 2908 see
304 2874 348 2908 G·
367 2873 426 2908 Wi-
446 2873 550 2919 Z³Pf2
573 2876 744 2908 Heinriss‘h
770 2876 872 2908 Bebssl
893 2876 983 2908 ⁷11le
1101 2882 1129 2901 ⁶²
1148 2886 1334 2917 Olmuntz:
1352 2882 1515 2926 Olmiitz,
1528 2895 1575 2917 on
1593 2884 1657 2919 the
1672 2885 1817 2929 March,

218 2923 346 2956 se'inem
358 2922 467 2955 Leben
479 2923 555 2954 und
564 2922 753 2964 Schriften,
767 2920 981 2975 Augsburg,
1054 2931 1181 2965 ceased
1198 2934 1236 2964 to
1256 2930 1299 2964 be
1316 2929 1379 2964 the
1397 2930 1531 2975 capital
1549 2931 1591 2965 Of
1602 2931 1768 2967 Morffl.ia
1781 2934 1819 2967 iu

223 2968 329 3010 1802,
358 2967 430 3001 and
457 2967 516 3000 W.
544 2967 713 3010 Scherer,
741 2970 833 3002 stt.
868 2970 982 3003 Germ.
1058 2979 1156 3012 1640,

219 3017 302 3058 Lit„
321 3015 343 3049 i.
363 3014 431 3048 268
450 3013 586 3057 (1886).
1102 3024 1114 3042 1
1131 3026 1223 3067 May.
1238 3035 1250 3057 ‚⁴
1294 3023 1330 3058 L.
1366 3035 1435 3057 was
1471 3024 1498 3040 ‘¹
1513 3024 1692 3070 Magister
1704 3027 1721 3043 '²
1750 3039 1822 3070 par

1053 3072 1252 3112 excellence,
1271 3072 1324 3104 i.e.
1343 3070 1381 3103 in
1407 3070 1598 3116 theology,
1617 3085 1655 3107 as
1681 3073 1763 3109 well
1780 3086 1820 3109 as

266 3117 294 3138 ⁵⁶
312 3120 439 3153 Boetio.
466 3120 519 3152 De
532 3119 661 3152 (I'onsol.
674 3119 914 3161 Philosophiae
924 3130 984 3153 :—
1054 3117 1155 3152 M.A.
1208 3117 1271 3162 Ep.
1292 3117 1328 3151 ii.
1346 3119 1391 3152 35
1410 3118 1439 3151 is
1456 3117 1533 3152 also
1553 3119 1617 3154 his.

986 3178 1081 3225 157

1848 566 1886 595 45

1849 904 1888 933 50

1851 1233 1889 1263 55

1851 1568 1890 1598 60
