2247 3637
206 244 259 284 11.
284 246 351 295 28]
546 234 1138 290 BERNHARDUS
1193 236 1464 292 GELFF

204 351 320 392 turn
344 349 496 391 teneo
522 343 585 390 de
609 343 699 391 tali
724 344 866 392 libro.
941 344 1043 392 Sed
1068 344 1264 392 debetis
1294 346 1339 392 ei
1369 346 1533 394 dicere
1557 347 1697 410 quod
1723 352 1800 395 est

205 411 251 458 h'
287 427 420 458 unus
458 410 702 458 Officialis
728 411 894 458 curiae
930 411 1018 474 qui
1055 417 1132 458 est
1167 411 1594 474 singularissimus
1631 415 1802 461 fautor

208 477 449 525 Iohannis
487 477 756 525 Reuchlin.
832 478 949 541 Ipse
986 477 1193 541 collegit
1229 478 1425 542 aliquos
1462 481 1701 528 articulos
1738 497 1801 528 ex

203 545 295 592 tali
319 544 447 592 libro
475 544 717 592 Iohannis
743 545 1081 601 Pfefferkorn,
1107 551 1159 592 et
1196 545 1309 592 vult
1339 546 1551 609 probare
1574 549 1712 610 quod
1750 548 1802 595 in

203 612 392 659 talibus
411 610 635 659 articulis
654 612 842 677 partim
862 619 939 660 est
959 612 1190 668 haeresis,
1207 613 1395 677 partim
1412 612 1621 661 Crimen
1640 615 1803 663 laesae

206 678 508 726 Maiestatis.
582 678 655 726 Et
702 679 827 727 dicit
872 679 1011 742 quod
1060 679 1173 727 vult
1219 680 1359 744 quod
1405 680 1495 727 fiat
1543 680 1804 744 inquisitio

205 752 382 793 contra
422 746 461 792 Ι.
502 746 559 792 Ρ.
601 746 664 794 de
703 746 894 794 haeresi
933 753 986 794 et
1030 747 1256 794 Crimine
1294 747 1458 795 laesae
1499 748 1800 797 Maiestatis.

206 812 370 859 Mitto
395 813 538 859 vobis
570 812 651 860 hic
677 830 832 860 unam
866 813 1162 861 schedulam
1192 815 1243 861 in
1276 831 1378 878 qua
1407 814 1701 862 scribuntur
1733 815 1803 863 illi

203 879 419 935 articuli,
458 886 509 927 et
558 887 930 944 consequenter
966 887 1143 928 contra
1177 881 1312 946 ipsos
1350 881 1643 930 Solutiones
1679 899 1804 946 quas

204 963 300 1010 ego
336 946 606 1010 replicavi:
644 946 782 1003 Quia
818 948 1075 1012 disputavi
1114 965 1233 996 cum
1269 948 1355 996 illo
1394 949 1615 997 Officiali
1641 955 1692 997 et
1717 950 1802 997 de-

203 1012 344 1061 fendi
370 1015 410 1061 Ι.
440 1014 497 1061 Ρ.
525 1031 616 1078 pro
640 1032 786 1079 posse
811 1032 940 1064 meo.
1014 1016 1088 1063 Et
1113 1015 1181 1064 sic
1207 1016 1372 1064 valete
1397 1017 1587 1065 habens
1607 1033 1690 1065 me
1715 1033 1805 1081 pro

205 1087 332 1129 noto
357 1087 411 1128 et
435 1081 625 1129 Amico
650 1089 833 1130 vestro.

316 1166 468 1203 Datum
490 1168 531 1203 in
553 1166 680 1203 CUR1A
703 1167 771 1205 Ro.

343 1344 406 1392 11
431 1344 705 1392 ARTICULI
742 1360 1013 1393 EXTRACTI
1052 1360 1124 1393 DE
1160 1361 1319 1393 LIBRo
1359 1346 1435 1393 Io.
1476 1347 1669 1394 PFEFF.

209 1457 374 1485 CONTRA
406 1445 634 1484 REUcnmx
670 1459 722 1484 ET
764 1459 961 1488 QUOSDAM
993 1446 1337 1486 REUCHLINISTAS
1370 1459 1441 1488 (ΜΠ
1483 1459 1605 1485 LIBER
1646 1459 1806 1486 1N'r1TU-

325 1515 460 1541 LATUR
482 1503 703 1542 DEFENSIO
735 1503 792 1542 Io.
816 1504 971 1543 PFEFF.
992 1516 1157 1543 CONTRA
1178 1504 1388 1543 FAmosAs.
1450 1504 1515 1543 ΕΤ
1544 1517 1647 1543 SUNT
1677 1517 1806 1544 'rALEs

324 1561 531 1600 AR'rchLi
557 1576 585 1600 A
606 1561 934 1600 Rssnfflmmsus
956 1574 1158 1601 EXCERPTI
1188 1575 1264 1601 Pno
1296 1575 1547 1601 HAERETICIS
1570 1575 1621 1601 ET
1643 1575 1808 1601 HABEN-

323 1631 437 1657 'rmus
458 1631 502 1657 1N
525 1632 571 1657 ss
594 1619 767 1658 CRIMEN
800 1632 962 1658 LAESAE
991 1632 1238 1659 MAIESTATIS
1268 1633 1378 1662 QUOD
1405 1632 1595 1659 FOVENTE
1618 1633 1699 1659 1)Εο
1721 1633 1806 1659 NON

326 1689 398 1715 Es'r
429 1689 510 1715 NEC
543 1690 639 1716 FUIT
668 1689 749 1716 NEC
782 1690 879 1716 ERIT
911 1690 1067 1716 VERUM.

662 1835 724 1882 (I
750 1832 965 1881 PRIMUS
1001 1834 1319 1882 ARTICULUS

309 1933 372 1980 (ἱ
396 1932 542 1980 Dicit
577 1932 935 1988 Reuclzlinista‚
974 1934 1110 1997 quod
1145 1934 1191 1981 I.
1233 1934 1295 1981 P.
1338 1934 1391 1982 in
1431 1932 1555 1981 libro
1592 1950 1682 1982 suo
1721 1934 1808 1997 qui

207 1998 501 2046 intitulatur
526 2007 554 2026 ‘⁶
572 1999 818 2064 Defensio
839 2000 915 2048 Io.
937 2001 1000 2048 P.
1020 2007 1196 2049 contra
1200 2000 1476 2065 famosas,”
1499 2002 1553 2048 in
1572 1999 1808 2065 Epistola

208 2066 279 2114 ad
300 2066 499 2115 Saetiss.
533 2067 578 2115 d.
611 2068 683 2114 D.
724 2068 957 2116 Leonem.
985 2074 1071 2116 etc.
1143 2069 1278 2116 Posi.
1319 2069 1469 2116 DIaa'.
1509 2067 1809 2132 blasphemat

207 2139 254 2181 et
279 2134 532 2181 committit
560 2134 759 2183 Crimen
792 2133 953 2184 laesae
984 2136 1253 2183 ‘newaiestatis
1282 2134 1582 2200 appellando
1607 2136 1808 2200 Papam

207 2200 485 2248 ministram
528 2201 727 2258 domini,
766 2202 908 2265 quasi
947 2203 1011 2250 Sit
1029 2201 1247 2267 femina,
1273 2203 1399 2251 sicat
1435 2203 1641 2267 legimus
1677 2202 1812 2265 qaod

205 2266 351 2316 semel
393 2284 499 2315 mia
529 2322 536 2332 ¹
537 2267 732 2332 femina
762 2323 770 2334 ι
773 2268 881 2333 fait
918 2286 1096 2333 papa:
1145 2270 1229 2318 Sic
1275 2271 1402 2319 enim
1449 2270 1647 2334 scripsit
1693 2269 1805 2332 Aij.

255 2409 283 2428 ³⁴
311 2412 401 2454 Offic.
415 2423 427 2445 .·
452 2410 587 2445 almost
610 2411 793 2457 certainly
811 2413 972 2446 «Iacobus
1042 2413 1071 2446 is
1090 2412 1160 2446 full
1178 2413 1220 2447 of
1240 2414 1470 2447 accusations
1489 2413 1531 2447 of
1550 2413 1639 2457 high
1659 2417 1806 2447 treasou

205 2457 381 2492 Aurelius
410 2470 480 2492 von
511 2458 791 2504 Questemberg.
842 2460 909 2493 See
935 2460 971 2492 ii.
1040 2461 1186 2505 against
1204 2460 1398 2495 Reuchlin.

207 2505 264 2547 10,
283 2517 317 2539 η.
369 2505 450 2539 Von
469 2506 529 2549 Q.5
561 2506 641 2540 who
667 2518 737 2539 was
770 2519 790 2540 a
823 2506 972 2540 liberal·
1088 2506 1114 2525 ⁵⁷
1131 2508 1297 2549 semina:
1331 2509 1368 2541 in
1399 2506 1572 2550 allusion,
1601 2507 1643 2541 of
1663 2519 1806 2550 course,

205 2552 355 2586 minded
397 2553 469 2586 and
510 2552 662 2587 learned
704 2565 803 2596 man,
834 2555 971 2599 proved
1041 2558 1080 2588 to
1102 2554 1167 2588 the
1185 2554 1318 2599 legend
1343 2554 1385 2588 of
1410 2554 1548 2598 “Pope
1566 2554 1700 2597 Joan,’'
1726 2555 1808 2587 uni-

204 2610 226 2632 a
258 2598 429 2634 valuable
464 2600 624 2634 “friend
657 2605 696 2634 at
730 2600 875 2635 Courff'
915 2601 972 2635 for
1041 2600 1201 2646 versally
1249 2602 1414 2635 credited
1463 2601 1696 2646 throughout
1743 2601 1808 2635 the

205 2645 389 2680 Reuchlin
402 2647 538 2691 during
550 2647 615 2681 the
629 2648 971 2694 hearingofHoog-
1042 2648 1154 2682 XVth
1188 2649 1260 2682 and
1294 2648 1425 2682 XVIth
1454 2647 1576 2682 Cents.
1641 2648 1720 2682 The
1748 2649 1807 2682 de-

205 2693 378 2727 straten's
427 2693 570 2739 appeal‚
613 2695 700 2738 and,
743 2706 782 2729 as
822 2707 893 2730 one
935 2695 977 2729 of
1041 2695 1255 2740 velopment
1271 2696 1313 2729 of
1324 2695 1398 2729 this
1415 2706 1531 2739 vague
1546 2695 1650 2740 myth
1664 2696 1743 2729 into
1760 2707 1807 2728 an

208 2739 419 2774 Reuchlin's
443 2741 683 2786 biographers
706 2746 792 2787 puts
810 2743 852 2785 it,
874 2743 901 2760 “
916 2743 972 2776 his
1040 2742 1214 2786 accepted
1231 2742 1308 2776 fact
1324 2742 1365 2775 of
1386 2742 1527 2786 history
1546 2742 1574 2775 is
1600 2754 1619 2774 a
1645 2741 1808 2776 remark-

206 2786 388 2821 influence
428 2799 499 2821 was
540 2789 582 2822 of
618 2800 720 2822 more
760 2791 900 2824 service
932 2794 972 2823 to
1041 2789 1123 2823 able
1150 2788 1622 2833 phenomen011‚resulti11g
1642 2800 1681 2822 as
1699 2790 1728 2822 it
1746 2789 1808 2823 did

207 2833 391 2866 Reuchlin
416 2834 508 2868 than
539 2834 589 2868 all
618 2836 683 2870 the
712 2835 842 2871 letters
875 2848 972 2870 com·
1042 2837 1080 2869 in
1114 2836 1179 2870 the
1211 2834 1482 2869 accumulation
1513 2835 1555 2868 of
1578 2847 1600 2869 a
1628 2840 1708 2869 vast
1736 2837 1809 2870 evi-

207 2880 427 2925 mendatory
456 2881 499 2915 of
528 2881 648 2926 Kings
679 2883 753 2916 and
788 2883 971 2918 Princes.’'
1042 2882 1182 2917 dential
1199 2886 1384 2916 structure
1399 2893 1497 2927 upon
1512 2882 1575 2916 the
1590 2882 1756 2917 fliinsiest
1772 2883 1814 2917 of

210 2926 343 2969 Maius,
371 2928 438 2960 Vit.
458 2929 640 2971 Reuchlin,
661 2941 694 2974 p.
713 2929 790 2963 214.
1043 2929 1291 2963 foundations.
1346 2929 1417 2962 For
1445 2940 1492 2962 an
1522 2929 1702 2973 adequate
1736 2930 1809 2964 dis-

255 2972 282 2990 35
307 2975 406 3007 artic.
422 2986 433 3007 .·
455 2974 534 3018 just
559 2986 597 3008 as
615 2976 759 3010 Arnold
782 2988 854 3011 von
875 2977 973 3010 Ton-
1042 2977 1189 3010 cussion
1222 2976 1263 3009 of
1299 2975 1364 3009 the
1405 2975 1524 3010 whole
1565 2976 1708 3021 subject
1748 2989 1808 3012 see

207 3031 299 3062 gei-n
326 3020 396 3054 had
427 3020 623 3065 published
651 3025 820 3065 Articuli,
850 3023 973 3058 culled
1042 3022 1252 3068 Dollinger,
1272 3024 1339 3056 Die
1360 3023 1587 3065 Papstfabeln
1604 3025 1662 3058 des
1679 3025 1808 3059 Mitte!-

206 3067 301 3100 from
319 3067 383 3101 the
400 3070 651 3111 Auyenspieyel
665 3070 701 3102 in
723 3069 821 3105 1512.
1042 3071 1161 3111 alters,
1198 3068 1287 3102 1863
1316 3069 1424 3114 (Eng.
1455 3074 1501 3103 tr.
1532 3069 1578 3115 by
1604 3069 1806 3114 Plummer,

255 3113 280 3131 ³⁷
307 3116 418 3148 laesae
433 3117 529 3158 maj.:
548 3114 809 3150 Pfefferkoru’s
822 3118 973 3159 Deflmce
1044 3115 1159 3157 1871).

972 3177 1063 3219 191

1838 499 1876 529 35

1839 832 1877 861 40

1843 1176 1880 1206 45

1842 1624 1880 1653 50

1843 2088 1881 2118 55
