2247 3637
459 220 928 276 EPISTOLAE
992 219 1583 276 OBSCURORUM
1639 219 2048 275 VIRORUM

555 329 732 377 Etiam
770 330 953 377 vellem
993 329 1210 377 libenter
1251 329 1421 377 videre
1461 330 1674 377 modum
1710 328 2048 376 metrificandi

382 414 420 444 55
455 413 608 460 quem
657 414 745 444 vos
787 396 1157 461 composuistis.
1230 396 1305 444 Et
1345 397 1499 445 emite
1540 396 1664 444 mihi
1707 395 1954 444 Boecium
1995 394 2046 442 in

455 463 689 510 omnibus
752 464 852 511 suis
915 463 1167 528 operibus,
1227 470 1279 511 et
1337 463 1604 528 praecipue
1662 463 1725 510 de
1782 461 2048 526 disciplina

453 530 774 586 scholarium,
802 537 853 579 et
889 531 953 578 de
989 530 1338 578 consolatione
1373 530 1720 595 philosophica
1756 546 1873 577 cum
1910 546 2044 576 com-

453 603 631 645 mento
670 598 913 645 Doctoris
956 597 1131 645 sancti.
1205 596 1277 644 Et
1316 614 1432 645 cuin
1469 598 1563 645 hoc
1590 597 1774 645 Valete
1799 603 1850 644 et
1889 596 2046 643 habe—

452 663 548 711 atis
574 681 655 711 me
681 664 1112 712 commendatum.

378 760 416 790 60
558 747 619 784 Ex
640 748 840 786 Auous'rA.

1159 888 1329 935 XXV

638 1023 701 1071 «I
752 1022 830 1070 M.
885 1022 1336 1070 PHILIPPUS
1382 1021 1876 1070 SCULPTORIS

867 1090 918 1136 S.
968 1090 1040 1137 D.
1077 1089 1157 1137 M.
1201 1089 1416 1138 Ortwino
1461 1089 1650 1138 (ἔφητίς)

542 1223 722 1270 ICUT
771 1222 944 1288 scripsi
990 1223 1134 1271 vobis
1182 1240 1344 1288 saepe,
1393 1240 1489 1288 ego
1540 1223 1702 1270 habeo
1750 1221 2041 1270 molestiam

573 1291 713 1353 quod
748 1290 845 1338 ista
879 1290 1130 1347 ribaldria,
1173 1290 1364 1338 scilicet
1404 1291 1620 1338 facultas
1661 1296 1945 1354 poetarum,
1983 1290 2042 1337 fit

392 1374 410 1403 5
447 1357 735 1405 communis
771 1364 823 1405 et
855 1365 1073 1421 augetur
1097 1374 1186 1422 per
1210 1374 1386 1405 omnes
1410 1357 1692 1422 provincias
1718 1364 1770 1404 et
1795 1357 2036 1420 regiones.

446 1424 701 1488 Tempore
725 1441 841 1472 meo
866 1424 964 1472 fuit
988 1431 1198 1472 tanturn
1233 1441 1365 1473 unus
1400 1431 1552 1500 poeta
1577 1424 1664 1499 qui
1691 1430 1903 1471 vocatus
1939 1424 2040 1472 fuit

448 1490 670 1539 Samuel.
744 1491 817 1539 Et
863 1509 999 1538 nunc
1048 1492 1214 1539 solum
1261 1493 1313 1540 in
1360 1492 1458 1539 ista
1500 1491 1706 1539 civitate
1749 1497 1870 1539 sunt
1912 1491 2040 1539 bene

445 1558 643 1621 viginti,
669 1565 722 1606 et
748 1565 937 1606 vexant
963 1576 1054 1606 nos
1079 1576 1256 1607 omnes
1281 1558 1369 1622 qui
1393 1565 1631 1607 tenemus
1657 1575 1774 1606 cum
1800 1558 2035 1622 antiquis.

445 1624 562 1688 Ego
620 1642 782 1690 nuper
840 1625 1041 1674 realiter
1093 1625 1328 1691 expedivi
1375 1643 1539 1673 unum
1586 1625 1675 1689 qui
1723 1625 1854 1673 dixit
1899 1626 2039 1689 quod

373 1709 410 1738 10
445 1692 682 1740 scholaris
730 1709 834 1739 non
877 1692 1127 1757 significat
1179 1709 1447 1768 personam
1486 1692 1517 1756 q
1559 1693 1698 1739 vadit
1741 1693 1805 1739 ad
1843 1692 2039 1740 scholas

444 1758 669 1806 discendi
741 1775 904 1815 causa,
964 1766 1017 1807 et
1075 1760 1210 1808 dixi:
1273 1761 1470 1816 “asine,
1531 1760 1605 1806 vis
1663 1766 1724 1807 tu
1789 1759 2038 1824 corrigere

443 1825 707 1874 doctorem
790 1833 1025 1874 sanctum
1094 1827 1183 1890 qui
1252 1827 1398 1892 ponit
1467 1827 1619 1874 istam
1683 1826 2036 1875 dictionem?'’

445 1893 631 1940 Postea
666 1893 860 1957 scripsit
896 1893 1002 1957 ipse
1037 1911 1194 1941 unam
1223 1894 1531 1942 invectivam
1557 1894 1619 1940 ad
1655 1910 1752 1950 me,
1778 1900 1831 1941 et
1865 1895 2037 1958 posuit

443 1960 607 2007 multa
667 1961 992 2024 opprobriosa
1049 1961 1200 2017 dicta,
1261 1967 1312 2009 et
1372 1961 1502 2008 dixit
1561 1961 1700 2024 quod
1758 1977 1861 2007 non
1922 1977 2036 2008 sum

370 2043 408 2072 15
441 2028 807 2090 grammaticus
877 2028 1057 2083 bonus,
1117 2027 1237 2092 quia
1294 2045 1397 2075 non
1457 2034 1595 2075 recte
1665 2028 1877 2091 exposui
1940 2028 2036 2075 ista

443 2094 691 2142 vocabula
727 2095 932 2158 quando
967 2095 1242 2159 practicavi
1278 2095 1329 2142 in
1365 2094 1528 2159 prima
1562 2101 1705 2159 parte
1734 2094 2034 2151 Alexandri,

441 2167 494 2208 et
549 2161 601 2209 in
653 2161 781 2209 libro
841 2163 904 2210 de
961 2161 1133 2210 Modis
1182 2161 1511 2226 significandi.
1607 2161 1682 2209 Et
1729 2162 1844 2209 volo
1892 2162 2034 2210 vobis

440 2303 654 2347 quaestione
672 2300 879 2346 theologica
896 2313 936 2335 ac
956 2301 1204 2346 disputatione

435 2349 595 2393 juridica
618 2350 655 2382 in
684 2348 818 2382 scholis
843 2349 1059 2392 juristarum
1086 2348 1203 2382 almae

440 2396 691 2430 universitatis
747 2395 940 2440 Lipsiensis
989 2395 1084 2428 faeta
1137 2395 1203 2428 sub

439 2455 536 2476 anno
563 2443 606 2476 D.
633 2443 661 2476 I.
695 2441 818 2476 1489.''
880 2442 948 2475 Sco
977 2442 1111 2485 Que'tif
1130 2442 1201 2475 and

440 2490 600 2532 Echard,
635 2491 825 2532 Scriptores
857 2490 992 2521 ordinis
1021 2491 1203 2531 praedica-

438 2541 565 2579 torum,
586 2536 699 2579 Paris,
721 2536 820 2578 1719,
839 2534 908 2568 vol.
928 2536 950 2568 i.
971 2547 1003 2579 p.
1026 2536 1104 2568 884.

483 2582 512 2602 ⁶²
536 2586 575 2617 in
598 2585 714 2617 littera
743 2584 837 2616 Aldi.
878 2582 955 2616 Not
980 2581 1201 2626 necessarily

438 2631 584 2675 printed
603 2630 650 2675 by
664 2629 747 2663 Ald.
772 2630 975 2669 Manutius,
998 2629 1064 2662 but
1081 2629 1118 2661 in
1136 2629 1200 2662 the

436 2677 532 2722 style
562 2677 603 2711 of
629 2682 717 2723 type
740 2676 960 2710 introduced
989 2675 1035 2720 by
1059 2675 1134 2708 him
1161 2676 1198 2708 iu

440 2725 544 2758 1501.

483 2770 511 2789 ⁵⁴
537 2773 624 2805 mod.
653 2775 751 2805 metr.
817 2770 852 2803 It
878 2769 964 2803 does
982 2773 1047 2802 not
1064 2780 1198 2813 appear

435 2818 517 2852 that
535 2818 577 2851 O.
597 2829 684 2852 ever
702 2816 895 2863 published
914 2815 1003 2849 such
1029 2827 1050 2848 a
1075 2816 1172 2849 work
1189 2826 1197 2856 ;

436 2864 502 2898 but
519 2865 583 2898 the
601 2864 765 2898 obscure
789 2863 877 2898 Men
895 2874 956 2897 are
974 2874 1085 2896 never
1102 2863 1196 2897 tired

435 2909 1128 3000 ΟῑὲὶὲἶίἷὶΞ-(ῧῖ)ᾖξῗῆῗῖθῇῗξῖῗίἓῗὲῗςῗ
1146 2958 1198 2990 De

436 3006 632 3046 Disciplina
673 3006 899 3045 Mholarium,
941 3003 1082 3048 though
1126 3003 1194 3036 fre-

435 3050 590 3095 quently
624 3052 770 3095 printed
804 3051 891 3084 with
925 3050 990 3084 the
1026 3052 1076 3084 lje
1111 3051 1197 3083 Con-

431 3099 596 3131 solatione
604 3099 851 3141 Philosophiae,
860 3109 929 3130 was
944 3101 1009 3131 not
1021 3097 1085 3131 the
1096 3096 1195 3130 work

1269 2301 1311 2334 of
1324 2302 1512 2345 Boethius,
1527 2302 1593 2336 but
1605 2314 1676 2336 was
1694 2302 1869 2347 probably
1887 2303 2033 2337 written

1271 2348 1316 2393 by
1342 2349 1502 2382 Thomas
1531 2349 1872 2394 Cantimpratensis,
1898 2350 2033 2384 author

1270 2396 1311 2429 of
1323 2408 1344 2428 a
1361 2396 1463 2429 work
1490 2396 1645 2430 entitled
1677 2398 1811 2429 Bonum
1837 2399 2033 2431 universale

1269 2444 1310 2476 de
1324 2444 1595 2485 proprietatibus
1611 2455 1727 2485 apum.

1315 2489 1393 2523 The
1420 2489 1515 2523 book
1541 2489 1684 2522 Ortwin
1714 2491 1742 2522 is
1772 2490 1884 2523 asked
1915 2490 1971 2523 for
2002 2491 2030 2524 is

1268 2547 1367 2569 some
1382 2537 1520 2570 edition
1540 2537 1581 2569 of
1599 2538 1736 2570 Boetia-5·
1750 2539 1790 2570 (le
1803 2538 2031 2571 consolatione

1265 2584 1475 2625 philosophie
1499 2594 1632 2616 newton
1656 2585 1697 2617 rie
1721 2585 1908 2625 disciplina
1923 2585 2029 2617 schol-

1266 2631 1383 2662 arium
1402 2641 1480 2662 cum
1497 2634 1685 2663 commento
1701 2632 1820 2663 ,sam-ti
1841 2632 1868 2662 T
1868 2631 1971 2664 home.

1313 2674 1340 2693 ⁶⁰
1365 2679 1549 2718 Augusta:
1575 2676 1630 2709 for
1656 2675 1824 2720 Augusta
1848 2677 2028 2721 Tubinga,

1267 2725 1320 2755 220.
1336 2722 1545 2765 Tiibingen,
1562 2723 1682 2756 where
1695 2723 1759 2756 the
1781 2725 1941 2765 Defensio
1959 2736 2029 2758 was

1267 2769 1346 2803 first
1363 2769 1566 2811 published.

1312 2815 1323 2833 ⁷
1350 2818 1497 2850 Samuel.
1541 2817 1608 2850 See
1626 2817 1647 2849 i.
1673 2818 1729 2858 13,
1749 2828 1782 2850 n.

1313 2861 1340 2880 ¹²
1364 2865 1461 2896 Dect.
1484 2865 1598 2896 sanet.
1615 2875 1626 2896 .·
1652 2864 1828 2907 Aquinas.

1313 2908 1337 2927 ¹⁷
1368 2911 1416 2943 De
1436 2912 1524 2943 mod.
1544 2913 1656 2953 sima:
1682 2910 1874 2944 otherwise
1903 2913 2027 2944 Gram-

1265 2959 1392 2989 matiea
1416 2958 1646 2999 Speculatira,
1670 2957 1715 3001 by
1742 2957 1845 2991 Duns
1872 2958 2023 2999 Scotus;

1266 3003 1292 3020 “
1306 3003 1368 3036 the
1387 3003 1466 3036 first
1482 3008 1640 3048 attempt
1659 3008 1697 3037 to
1722 3008 1818 3038 treat
1843 3016 2026 3048 grammar

1265 3051 1301 3082 in
1334 3062 1354 3082 a
1388 3050 1478 3083 wide
1512 3051 1583 3084 and
1619 3050 1847 3095 philosophie
1879 3050 2024 3095 spirit.”

1263 3097 1330 3130 See
1356 3096 1400 3130 D.
1423 3097 1467 3131 N.
1492 3097 1532 3131 B.

1204 3157 1265 3199 66
