2247 3637
400 464 437 492 15

400 802 437 830 20

398 1620 436 1649 30

399 1952 437 1980 35

400 2286 436 2314 40

474 269 885 325 EPISTULA
900 270 942 324 E
1003 270 1594 328 OBSCURORUM
1653 271 2060 327 VIRORUM

469 378 675 440 quando
735 376 933 424 visitavi
994 378 1362 433 universitates,
1423 378 1612 425 habens
1671 378 1974 426 mandatum
2034 397 2063 427 a

471 444 746 508 Theologis
783 445 920 506 quod
955 444 1108 492 debui
1143 445 1388 493 seminare
1419 446 1643 491 favorem
1671 462 1847 492 eorum
1885 453 2063 493 eontra

473 511 756 559 Iohannem
796 511 1066 566 Reuehlm,
1105 519 1156 560 et
1195 512 1454 575 quomodo
1502 511 1575 558 fui
1614 511 1682 558 ibi
1718 511 1992 560 tribulatus
2034 530 2062 559 a

470 579 635 642 poetis
677 578 764 641 qui
808 585 929 625 sunt
964 578 1212 627 hincinde.
1293 579 1500 625 Faciam
1543 578 1736 641 utique,
1775 579 1861 626 sed
1899 596 1987 626 vos
2004 581 2063 642 [2]

471 647 658 693 iterum
683 645 879 693 debetis
905 646 1027 692 mihi
1061 646 1248 709 aliquid
1284 645 1487 692 mittere
1512 646 1574 691 de
1602 646 1779 693 *cestris
1813 647 2059 710 operibus.

471 712 543 759 Et
567 712 683 760 dedi
708 713 824 760 huie
849 713 1036 760 nuncio
1060 714 1197 775 quod
1223 718 1448 777 portaret
1468 711 1621 759 vobis.
1696 712 1870 760 Etiam
1897 713 2065 760 sciatis

471 779 609 843 quod
646 780 907 843 composui
945 779 1177 827 rithmiee
1215 797 1316 827 non
1353 780 1623 826 attendens
1659 779 1973 843 quantitates
2011 787 2063 828 et

471 847 653 910 pedes:
690 848 809 909 quia
829 847 1030 893 videtur
1055 847 1178 894 mihi
1195 847 1333 910 quod
1360 852 1505 893 sonat
1526 846 1705 893 melius
1731 847 1812 893 sie.
1886 847 2063 895 Etiam

471 930 565 977 ego
608 930 709 960 non
753 913 903 959 didici
946 913 1083 959 illam
1127 914 1389 978 poetriam,
1434 929 1525 959 nec
1567 930 1700 960 euro.
1777 914 1958 962 Valete
2000 931 2062 962 ex

474 980 710 1028 Bruneck
738 979 785 1025 in
815 980 1069 1027 Flandria.

471 1134 532 1181 fil]
585 1134 823 1180 Carmen
891 1132 1236 1181 Ritlzmieale
1307 1134 1572 1197 magistri
1642 1133 2069 1180 PHILIPPI

640 1198 1190 1247 iS'CIILAVRAFF
1221 1201 1355 1263 (laad
1394 1200 1672 1264 compilavit
1708 1207 1753 1248 et
1790 1207 2063 1264 comporta-

639 1267 721 1321 vit,
750 1265 950 1329 quando
970 1266 1088 1329 fait
1117 1268 1307 1314 Omnem·
1330 1268 1382 1314 in.
1417 1267 1687 1329 Theologia
1718 1274 1763 1316 et
1793 1267 2063 1315 ambulavit

628 1350 728 1396 per
753 1339 901 1381 fotam
930 1334 979 1379 A
990 1332 1218 1381 lmaniam
1245 1335 1544 1398 wperiarem
1565 1356 1577 1382 .-

471 1466 673 1515 Christe
698 1466 821 1514 deus
846 1467 1185 1531 omnipotens,
1256 1469 1306 1515 in
1333 1486 1486 1531 quem
1512 1475 1679 1533 sperat
1704 1485 1855 1516 omne
1881 1469 2006 1523 Ens,

470 1533 577 1589 Qui
602 1551 654 1581 es
680 1534 804 1581 deus
830 1534 1043 1581 deorum
1114 1552 1201 1598 per
1226 1536 1396 1582 onmia
1421 1536 1620 1584 saecula
1645 1536 1977 1590 saeculorum,

471 1602 551 1648 Tu
602 1600 724 1648 velis
767 1600 892 1648 mihi
941 1617 1047 1649 esse
1094 1603 1359 1667 propitius,
1453 1604 1659 1666 quando
1719 1603 1931 1650 tribulat
1979 1619 2062 1650 me

604 1685 851 1715 mlmious.

472 1735 630 1782 Mitte
656 1751 816 1781 unum
843 1735 1121 1791 diabolum,
1193 1736 1279 1799 qui
1305 1737 1460 1784 ducat
1484 1737 1546 1784 ad
1573 1738 1862 1800 patibulum

471 1803 657 1849 Poetas
683 1808 734 1849 et
754 1802 970 1856 iul-istas,
1040 1804 1128 1866 qui
1153 1803 1402 1851 dederunt
1428 1804 1550 1851 mihi
1577 1821 1745 1859 vexas,

472 1869 778 1916 Praesertim
804 1869 855 1916 in
884 1869 1118 1924 Saxonia,
1191 1871 1277 1917 ubi
1303 1870 1375 1918 fui
1402 1872 1610 1918 studens
1635 1871 1686 1918 in
1711 1871 1870 1934 loyca,

473 1937 646 1992 Quam
667 1936 842 1983 docuit
859 1953 941 1983 me
960 1936 1185 1991 Sibutus,
1256 1937 1343 2000 qui
1363 1944 1439 1985 est
1465 1938 1515 1985 in
1542 1938 1793 1986 medicina
1818 1938 2062 1993 imbutus,

472 2002 543 2050 Et
597 2003 751 2050 habet
809 2004 1074 2066 antiquam
1130 2004 1374 2059 vetulam,
1463 2023 1592 2068 quae
1646 2005 1821 2053 vendit
1876 2005 2061 2052 bonam

606 2070 928 2117 Cerevisiam.

472 2136 620 2183 Tunc
669 2143 744 2183 est
783 2137 851 2183 ibi
899 2155 1029 2186 unus
1068 2144 1234 2202 poeta,
1306 2140 1393 2202 qui
1434 2145 1645 2186 vocatur
1690 2139 1953 2186 Balthasar
2000 2140 2062 2186 de

607 2203 791 2258 Faeha,

472 2269 577 2325 Qui
604 2287 684 2317 me
709 2271 989 2326 tribulavit,
1062 2273 1199 2336 quod
1226 2272 1348 2319 mihi
1374 2273 1520 2320 valde
1545 2272 1809 2321 doloravit.

471 2336 620 2384 Tunc
638 2337 904 2401 Philippus
925 2338 1268 2403 Engentinus,
1332 2340 1538 2402 quinon
1555 2346 1631 2388 est
1654 2347 1863 2387 vexator
1880 2339 2062 2395 minus,

474 2404 674 2468 Incepit
701 2421 853 2451 unam
879 2422 1145 2468 guerram3
1215 2413 1340 2454 tune
1365 2408 1591 2469 quaesivi
1617 2407 1765 2454 aliam
1792 2414 1996 2460 terram,

473 2470 545 2517 Et
571 2472 791 2534 cogitavi
818 2473 1002 2518 bonam
1031 2489 1152 2525 rem,
1224 2480 1281 2520 ut
1307 2474 1369 2521 ad
1397 2475 1627 2521 Rostoek
1654 2474 1793 2527 irem,

474 2537 579 2585 Ubi
631 2539 963 2585 Hermannus
1014 2539 1261 2587 Buschius
1355 2541 1683 2588 mortificavit
1731 2556 1891 2588 unum
1942 2542 2063 2587 Car-

607 2604 842 2653 minibus.

472 2672 619 2719 Tune
645 2673 815 2719 audivi
842 2673 891 2719 in
919 2672 1011 2725 via,
1083 2674 1219 2735 quod
1247 2674 1384 2737 viget
1410 2674 1477 2720 ibi
1503 2673 1803 2738 pestilentia.

471 2738 546 2786 Et
576 2738 642 2785 ivi
673 2740 734 2785 ad
773 2739 1183 2803 Gripswaldiam,
1255 2757 1386 2803 quae
1424 2741 1577 2788 habet
1616 2740 1870 2787 modicam
1909 2741 2064 2788 Com-

605 2806 822 2869 paniam.

474 2907 544 2988 “3³
565 2911 675 2943 lirun.
689 2922 701 2944 :
720 2910 879 2955 possibly
895 2911 1044 2955 Bruges.
1088 2912 1140 2943 (ll
1158 2910 1231 2944 11116
1308 2913 1463 2953 la'pismpi
1486 2913 1710 2954 'l'rtlj'ttvtensis
1731 2937 1737 2944 .
1763 2936 1770 2943 .
1796 2938 1803 2946 .
1837 2913 1925 2953 Vita,
1945 2910 2063 2953 Izasle,

505 2956 511 2965 ι
1331 2962 1343 2973 ›-
1374 2962 1381 2977 (

507 2968 547 3019 13⁹-
568 3005 677 3036 ravim
691 3016 702 3037 .·
727 3017 747 3036 a
775 3005 891 3037 friend
911 3005 952 3037 of
967 3004 1120 3046 Luther,
1141 3004 1233 3038 Mel-
1306 2961 1568 3047 li›⁴l⁷·il⁷'1·i}›.s·a·..·
1592 3003 1822 3046 (anismam,
1843 3003 2065 3038 111e1110rable

469 3049 996 3095 a11‹rl1tl1‹›11‚1111‹lSpalatinus.
1303 3056 1340 3084 to
1369 3051 1443 3085 l'lr.
1480 3064 1508 3086 v.
1543 3052 1687 3086 Hutten
1723 3052 1778 3085 for
1809 3052 1864 3084 his
1894 3051 2064 3085 ill-treat-

515 3095 541 3113 ⁴¹
565 3099 728 3138 Ιίιιῃυηής
788 3097 932 3142 Philipp
987 3097 1234 3142 lssngelbrocht
1304 3103 1405 3131 ment
1431 3099 1476 3143 by
1494 3099 1557 3133 the
1587 3100 1724 3141 Listzes,
1745 3098 1919 3133 recorded
1945 3098 1982 3131 111
2008 3097 2065 3131 his

470 3154 538 3175 von
572 3143 711 3187 lingon,
731 3144 865 3178 author
891 3146 932 3177 of
957 3147 1034 3178 Die-i
1063 3146 1233 3178 lamberti
1305 3148 1476 3188 Qllamtlell.

1231 3206 1323 3248 148
