<?xml version="1.0" encoding="UTF-8"?>
<!DOCTYPE html PUBLIC "-//W3C//DTD XHTML 1.0 Transitional//EN"
    "http://www.w3.org/TR/xhtml1/DTD/xhtml1-transitional.dtd">
<html xmlns="http://www.w3.org/1999/xhtml" xml:lang="en" lang="en">
 <head>
  <title>
</title>
<meta http-equiv="Content-Type" content="text/html;charset=utf-8" />
  <meta name='ocr-system' content='tesseract 3.04.00' />
  <meta name='ocr-capabilities' content='ocr_page ocr_carea ocr_par ocr_line ocrx_word'/>
</head>
<body>
  <div class='ocr_page' id='page_1' title='image "./epistolaeobscuro00huttuoft_0291.png"; bbox 0 0 2247 3637; ppageno 0'>
   <div class='ocr_carea' id='block_1_1' title="bbox 235 260 1452 324">
    <p class='ocr_par' dir='ltr' id='par_1_1' title="bbox 235 260 1452 324">
     <span class='ocr_line' id='line_1_1' title="bbox 235 260 1452 324; baseline 0.002 -12"><span class='ocrx_word' id='word_1_1' title='bbox 235 274 287 313; x_wconf 91' lang='lat'>11.</span> <span class='ocrx_word' id='word_1_2' title='bbox 314 275 378 324; x_wconf 90' lang='lat'>11]</span> <span class='ocrx_word' id='word_1_3' title='bbox 611 261 985 318; x_wconf 82' lang='lat' dir='ltr'>IODOCUS</span> <span class='ocrx_word' id='word_1_4' title='bbox 1039 260 1452 317; x_wconf 76' lang='lat' dir='ltr'>SARTORIS</span> 
     </span>
    </p>
   </div>
   <div class='ocr_carea' id='block_1_2' title="bbox 223 366 1897 2317">
    <p class='ocr_par' dir='ltr' id='par_1_2' title="bbox 223 366 1897 2317">
     <span class='ocr_line' id='line_1_2' title="bbox 236 366 1897 435; baseline -0.004 -16"><span class='ocrx_word' id='word_1_5' title='bbox 236 372 474 435; x_wconf 85' lang='lat' dir='ltr'>probare:</span> <span class='ocrx_word' id='word_1_6' title='bbox 512 370 599 418; x_wconf 89' lang='lat' dir='ltr'>sed</span> <span class='ocrx_word' id='word_1_7' title='bbox 624 370 754 416; x_wconf 89' lang='lat' dir='ltr'>bene</span> <span class='ocrx_word' id='word_1_8' title='bbox 777 368 899 416; x_wconf 81' lang='lat' dir='ltr'>scivi</span> <span class='ocrx_word' id='word_1_9' title='bbox 924 370 1063 433; x_wconf 89' lang='lat' dir='ltr'>quod</span> <span class='ocrx_word' id='word_1_10' title='bbox 1090 368 1213 417; x_wconf 90' lang='lat' dir='ltr'>nihil</span> <span class='ocrx_word' id='word_1_11' title='bbox 1237 368 1333 417; x_wconf 90' lang='lat' dir='ltr'>scit</span> <span class='ocrx_word' id='word_1_12' title='bbox 1363 368 1414 415; x_wconf 95' lang='lat' dir='ltr'>in</span> <span class='ocrx_word' id='word_1_13' title='bbox 1447 368 1624 433; x_wconf 86' lang='lat' dir='ltr'>logica.</span> <span class='ocrx_word' id='word_1_14' title='bbox 1699 366 1826 414; x_wconf 87' lang='lat' dir='ltr'>Dixi</span> <span class='ocrx_word' id='word_1_15' title='bbox 1860 385 1897 413; x_wconf 75' lang='lat'>30</span> 
     </span>
     <span class='ocr_line' id='line_1_3' title="bbox 235 434 1825 503; baseline -0.004 -16"><span class='ocrx_word' id='word_1_16' title='bbox 235 455 357 503; x_wconf 88' lang='lat' dir='ltr'>ergo</span> <span class='ocrx_word' id='word_1_17' title='bbox 396 438 459 485; x_wconf 92' lang='lat' dir='ltr'>ad</span> <span class='ocrx_word' id='word_1_18' title='bbox 497 454 617 485; x_wconf 89' lang='lat' dir='ltr'>eum</span> <span class='ocrx_word' id='word_1_19' title='bbox 644 437 921 484; x_wconf 82' lang='lat' dir='ltr'>“Domine</span> <span class='ocrx_word' id='word_1_20' title='bbox 961 437 1156 492; x_wconf 89' lang='lat' dir='ltr'>doctor,</span> <span class='ocrx_word' id='word_1_21' title='bbox 1198 437 1305 484; x_wconf 90' lang='lat' dir='ltr'>Vos</span> <span class='ocrx_word' id='word_1_22' title='bbox 1343 435 1499 483; x_wconf 82' lang='lat' dir='ltr'>vultis</span> <span class='ocrx_word' id='word_1_23' title='bbox 1538 451 1627 482; x_wconf 86' lang='lat' dir='ltr'>vos</span> <span class='ocrx_word' id='word_1_24' title='bbox 1668 434 1825 481; x_wconf 90' lang='lat' dir='ltr'>intro—</span> 
     </span>
     <span class='ocr_line' id='line_1_4' title="bbox 234 500 1823 568; baseline -0.004 -15"><span class='ocrx_word' id='word_1_25' title='bbox 234 506 441 553; x_wconf 79' lang='lat' dir='ltr'>mittere</span> <span class='ocrx_word' id='word_1_26' title='bbox 499 504 551 551; x_wconf 92' lang='lat' dir='ltr'>in</span> <span class='ocrx_word' id='word_1_27' title='bbox 610 503 824 567; x_wconf 87' lang='lat' dir='ltr'>negocio</span> <span class='ocrx_word' id='word_1_28' title='bbox 883 503 1282 568; x_wconf 84' lang='lat' dir='ltr'>Theologorum,</span> <span class='ocrx_word' id='word_1_29' title='bbox 1330 502 1468 566; x_wconf 91' lang='lat' dir='ltr'>quod</span> <span class='ocrx_word' id='word_1_30' title='bbox 1510 519 1614 549; x_wconf 92' lang='lat' dir='ltr'>non</span> <span class='ocrx_word' id='word_1_31' title='bbox 1654 507 1730 549; x_wconf 88' lang='lat' dir='ltr'>est</span> <span class='ocrx_word' id='word_1_32' title='bbox 1773 500 1823 547; x_wconf 91' lang='lat' dir='ltr'>in</span> 
     </span>
     <span class='ocr_line' id='line_1_5' title="bbox 233 568 1826 634; baseline -0.004 -14"><span class='ocrx_word' id='word_1_33' title='bbox 233 572 481 620; x_wconf 81' lang='lat' dir='ltr'>facultate</span> <span class='ocrx_word' id='word_1_34' title='bbox 500 577 694 619; x_wconf 80' lang='lat' dir='ltr'>vestra:</span> <span class='ocrx_word' id='word_1_35' title='bbox 729 570 846 634; x_wconf 84' lang='lat' dir='ltr'>Ego</span> <span class='ocrx_word' id='word_1_36' title='bbox 871 571 1133 620; x_wconf 82' lang='lat' dir='ltr'>suaderem</span> <span class='ocrx_word' id='word_1_37' title='bbox 1153 569 1297 618; x_wconf 91' lang='lat' dir='ltr'>vobis</span> <span class='ocrx_word' id='word_1_38' title='bbox 1321 569 1460 633; x_wconf 92' lang='lat' dir='ltr'>quod</span> <span class='ocrx_word' id='word_1_39' title='bbox 1484 568 1826 623; x_wconf 86' lang='lat' dir='ltr'>dimitteretis,</span> 
     </span>
     <span class='ocr_line' id='line_1_6' title="bbox 235 634 1826 703; baseline -0.004 -16"><span class='ocrx_word' id='word_1_40' title='bbox 235 640 354 703; x_wconf 90' lang='lat' dir='ltr'>quia</span> <span class='ocrx_word' id='word_1_41' title='bbox 378 655 467 686; x_wconf 90' lang='lat' dir='ltr'>vos</span> <span class='ocrx_word' id='word_1_42' title='bbox 491 654 594 686; x_wconf 92' lang='lat' dir='ltr'>non</span> <span class='ocrx_word' id='word_1_43' title='bbox 627 637 911 702; x_wconf 85' lang='lat' dir='ltr'>intelligitis</span> <span class='ocrx_word' id='word_1_44' title='bbox 944 638 1208 686; x_wconf 82' lang='lat' dir='ltr'>materiam</span> <span class='ocrx_word' id='word_1_45' title='bbox 1240 637 1420 685; x_wconf 86' lang='lat' dir='ltr'>istam:</span> <span class='ocrx_word' id='word_1_46' title='bbox 1457 635 1578 683; x_wconf 89' lang='lat' dir='ltr'>alias</span> <span class='ocrx_word' id='word_1_47' title='bbox 1610 634 1826 700; x_wconf 90' lang='lat' dir='ltr'>potestis</span> 
     </span>
     <span class='ocr_line' id='line_1_7' title="bbox 235 702 1896 769; baseline -0.003 -16"><span class='ocrx_word' id='word_1_48' title='bbox 235 706 406 754; x_wconf 87' lang='lat' dir='ltr'>venire</span> <span class='ocrx_word' id='word_1_49' title='bbox 447 705 510 752; x_wconf 88' lang='lat' dir='ltr'>ad</span> <span class='ocrx_word' id='word_1_50' title='bbox 552 705 815 760; x_wconf 89' lang='lat' dir='ltr'>damnum,</span> <span class='ocrx_word' id='word_1_51' title='bbox 856 705 995 760; x_wconf 78' lang='lat' dir='ltr'>Quia</span> <span class='ocrx_word' id='word_1_52' title='bbox 1035 704 1287 769; x_wconf 81' lang='lat' dir='ltr'>Theologi</span> <span class='ocrx_word' id='word_1_53' title='bbox 1322 720 1427 751; x_wconf 91' lang='lat' dir='ltr'>non</span> <span class='ocrx_word' id='word_1_54' title='bbox 1464 703 1647 750; x_wconf 89' lang='lat' dir='ltr'>volunt</span> <span class='ocrx_word' id='word_1_55' title='bbox 1685 702 1824 765; x_wconf 91' lang='lat' dir='ltr'>quod</span> <span class='ocrx_word' id='word_1_56' title='bbox 1858 717 1896 747; x_wconf 86' lang='lat'>35</span> 
     </span>
     <span class='ocr_line' id='line_1_8' title="bbox 237 768 1824 821; baseline -0.003 -1"><span class='ocrx_word' id='word_1_57' title='bbox 237 772 455 821; x_wconf 90' lang='lat' dir='ltr'>Iuristae</span> <span class='ocrx_word' id='word_1_58' title='bbox 490 772 682 820; x_wconf 88' lang='lat' dir='ltr'>debent</span> <span class='ocrx_word' id='word_1_59' title='bbox 716 777 935 820; x_wconf 88' lang='lat' dir='ltr'>tractare</span> <span class='ocrx_word' id='word_1_60' title='bbox 971 789 1145 820; x_wconf 83' lang='lat' dir='ltr'>causas</span> <span class='ocrx_word' id='word_1_61' title='bbox 1183 771 1346 819; x_wconf 89' lang='lat' dir='ltr'>fidei.”</span> <span class='ocrx_word' id='word_1_62' title='bbox 1415 770 1491 818; x_wconf 92' lang='lat' dir='ltr'>Et</span> <span class='ocrx_word' id='word_1_63' title='bbox 1527 769 1702 817; x_wconf 90' lang='lat' dir='ltr'>statim</span> <span class='ocrx_word' id='word_1_64' title='bbox 1741 768 1824 816; x_wconf 91' lang='lat' dir='ltr'>ille</span> 
     </span>
     <span class='ocr_line' id='line_1_9' title="bbox 234 836 1822 903; baseline -0.003 -16"><span class='ocrx_word' id='word_1_65' title='bbox 234 841 391 888; x_wconf 86' lang='lat' dir='ltr'>iratus</span> <span class='ocrx_word' id='word_1_66' title='bbox 417 839 548 887; x_wconf 88' lang='lat' dir='ltr'>dixit</span> <span class='ocrx_word' id='word_1_67' title='bbox 574 847 602 865; x_wconf 78' lang='lat'>‘⁶</span> <span class='ocrx_word' id='word_1_68' title='bbox 621 839 738 903; x_wconf 86' lang='lat' dir='ltr'>Ego</span> <span class='ocrx_word' id='word_1_69' title='bbox 772 855 874 886; x_wconf 90' lang='lat' dir='ltr'>non</span> <span class='ocrx_word' id='word_1_70' title='bbox 908 840 1075 887; x_wconf 90' lang='lat' dir='ltr'>solum</span> <span class='ocrx_word' id='word_1_71' title='bbox 1104 838 1335 903; x_wconf 85' lang='lat' dir='ltr'>intelligo</span> <span class='ocrx_word' id='word_1_72' title='bbox 1363 838 1514 886; x_wconf 87' lang='lat' dir='ltr'>istam</span> <span class='ocrx_word' id='word_1_73' title='bbox 1540 836 1822 891; x_wconf 78' lang='lat' dir='ltr'>materiam,</span> 
     </span>
     <span class='ocr_line' id='line_1_10' title="bbox 234 903 1824 970; baseline -0.003 -15"><span class='ocrx_word' id='word_1_74' title='bbox 234 907 335 956; x_wconf 91' lang='lat' dir='ltr'>Sed</span> <span class='ocrx_word' id='word_1_75' title='bbox 377 906 532 956; x_wconf 89' lang='lat' dir='ltr'>etiam</span> <span class='ocrx_word' id='word_1_76' title='bbox 575 906 723 955; x_wconf 84' lang='lat' dir='ltr'>video</span> <span class='ocrx_word' id='word_1_77' title='bbox 765 906 903 970; x_wconf 91' lang='lat' dir='ltr'>quod</span> <span class='ocrx_word' id='word_1_78' title='bbox 949 913 1008 955; x_wconf 90' lang='lat' dir='ltr'>tu</span> <span class='ocrx_word' id='word_1_79' title='bbox 1056 923 1108 954; x_wconf 90' lang='lat' dir='ltr'>es</span> <span class='ocrx_word' id='word_1_80' title='bbox 1155 923 1257 954; x_wconf 91' lang='lat' dir='ltr'>una</span> <span class='ocrx_word' id='word_1_81' title='bbox 1303 903 1576 954; x_wconf 88' lang='lat' dir='ltr'>maledicta</span> <span class='ocrx_word' id='word_1_82' title='bbox 1616 903 1824 951; x_wconf 89' lang='lat' dir='ltr'>bestia.’⁷</span> 
     </span>
     <span class='ocr_line' id='line_1_11' title="bbox 233 971 1825 1023; baseline -0.003 -1"><span class='ocrx_word' id='word_1_83' title='bbox 233 975 382 1022; x_wconf 81' lang='lat' dir='ltr'>Tune</span> <span class='ocrx_word' id='word_1_84' title='bbox 407 973 480 1022; x_wconf 85' lang='lat' dir='ltr'>fui</span> <span class='ocrx_word' id='word_1_85' title='bbox 507 973 661 1023; x_wconf 87' lang='lat' dir='ltr'>etiam</span> <span class='ocrx_word' id='word_1_86' title='bbox 696 980 985 1021; x_wconf 89' lang='lat' dir='ltr'>commotus</span> <span class='ocrx_word' id='word_1_87' title='bbox 1010 980 1064 1022; x_wconf 91' lang='lat' dir='ltr'>et</span> <span class='ocrx_word' id='word_1_88' title='bbox 1087 972 1310 1022; x_wconf 83' lang='lat' dir='ltr'>surrexi:</span> <span class='ocrx_word' id='word_1_89' title='bbox 1347 980 1400 1021; x_wconf 90' lang='lat' dir='ltr'>et</span> <span class='ocrx_word' id='word_1_90' title='bbox 1431 971 1534 1020; x_wconf 81' lang='lat' dir='ltr'>fuit</span> <span class='ocrx_word' id='word_1_91' title='bbox 1564 971 1697 1019; x_wconf 90' lang='lat' dir='ltr'>inter</span> <span class='ocrx_word' id='word_1_92' title='bbox 1733 986 1825 1017; x_wconf 89' lang='lat' dir='ltr'>nos</span> 
     </span>
     <span class='ocr_line' id='line_1_12' title="bbox 233 1039 1897 1106; baseline -0.002 -18"><span class='ocrx_word' id='word_1_93' title='bbox 233 1058 420 1106; x_wconf 86' lang='lat' dir='ltr'>magna</span> <span class='ocrx_word' id='word_1_94' title='bbox 447 1041 556 1088; x_wconf 90' lang='lat' dir='ltr'>rixa</span> <span class='ocrx_word' id='word_1_95' title='bbox 588 1041 639 1088; x_wconf 92' lang='lat' dir='ltr'>in</span> <span class='ocrx_word' id='word_1_96' title='bbox 676 1040 757 1089; x_wconf 89' lang='lat' dir='ltr'>die</span> <span class='ocrx_word' id='word_1_97' title='bbox 789 1040 887 1088; x_wconf 91' lang='lat' dir='ltr'>illa.</span> <span class='ocrx_word' id='word_1_98' title='bbox 961 1040 1218 1104; x_wconf 89' lang='lat' dir='ltr'>Dixitque</span> <span class='ocrx_word' id='word_1_99' title='bbox 1250 1040 1375 1088; x_wconf 86' lang='lat' dir='ltr'>mihi</span> <span class='ocrx_word' id='word_1_100' title='bbox 1413 1040 1488 1087; x_wconf 89' lang='lat' dir='ltr'>M.</span> <span class='ocrx_word' id='word_1_101' title='bbox 1529 1039 1594 1086; x_wconf 92' lang='lat' dir='ltr'>N.</span> <span class='ocrx_word' id='word_1_102' title='bbox 1638 1039 1825 1086; x_wconf 90' lang='lat' dir='ltr'>Petrus</span> <span class='ocrx_word' id='word_1_103' title='bbox 1860 1056 1897 1084; x_wconf 70' lang='lat'>4¹)</span> 
     </span>
     <span class='ocr_line' id='line_1_13' title="bbox 235 1105 1824 1174; baseline -0.001 -18"><span class='ocrx_word' id='word_1_104' title='bbox 235 1109 418 1173; x_wconf 86' lang='lat' dir='ltr'>Meyer</span> <span class='ocrx_word' id='word_1_105' title='bbox 435 1108 685 1174; x_wconf 88' lang='lat' dir='ltr'>plebanus</span> <span class='ocrx_word' id='word_1_106' title='bbox 705 1107 1179 1156; x_wconf 86' lang='lat' dir='ltr'>Franckfordiensis</span> <span class='ocrx_word' id='word_1_107' title='bbox 1200 1116 1226 1134; x_wconf 83' lang='lat'>‘⁶</span> <span class='ocrx_word' id='word_1_108' title='bbox 1245 1108 1440 1155; x_wconf 86' lang='lat' dir='ltr'>Eamus</span> <span class='ocrx_word' id='word_1_109' title='bbox 1460 1107 1523 1154; x_wconf 92' lang='lat' dir='ltr'>ad</span> <span class='ocrx_word' id='word_1_110' title='bbox 1542 1105 1824 1170; x_wconf 87' lang='lat' dir='ltr'>hospitium</span> 
     </span>
     <span class='ocr_line' id='line_1_14' title="bbox 229 1172 1825 1241; baseline -0.003 -18"><span class='ocrx_word' id='word_1_111' title='bbox 229 1192 323 1240; x_wconf 93' lang='lat' dir='ltr'>pro</span> <span class='ocrx_word' id='word_1_112' title='bbox 349 1175 630 1232; x_wconf 83' lang='lat' dir='ltr'>comedere,</span> <span class='ocrx_word' id='word_1_113' title='bbox 647 1175 766 1240; x_wconf 90' lang='lat' dir='ltr'>quia</span> <span class='ocrx_word' id='word_1_114' title='bbox 784 1182 860 1224; x_wconf 88' lang='lat' dir='ltr'>est</span> <span class='ocrx_word' id='word_1_115' title='bbox 881 1181 1087 1241; x_wconf 90' lang='lat' dir='ltr'>tempus</span> <span class='ocrx_word' id='word_1_116' title='bbox 1106 1176 1170 1223; x_wconf 88' lang='lat' dir='ltr'>ad</span> <span class='ocrx_word' id='word_1_117' title='bbox 1189 1174 1460 1240; x_wconf 90' lang='lat' dir='ltr'>prandium</span> <span class='ocrx_word' id='word_1_118' title='bbox 1480 1192 1490 1231; x_wconf 84' lang='lat'><em>3</em></span> <span class='ocrx_word' id='word_1_119' title='bbox 1515 1172 1825 1239; x_wconf 87' lang='lat' dir='ltr'>permittatis</span> 
     </span>
     <span class='ocr_line' id='line_1_15' title="bbox 230 1241 1824 1306; baseline -0.001 -16"><span class='ocrx_word' id='word_1_120' title='bbox 230 1249 364 1292; x_wconf 90' lang='lat' dir='ltr'>stare</span> <span class='ocrx_word' id='word_1_121' title='bbox 387 1243 545 1291; x_wconf 89' lang='lat' dir='ltr'>istum</span> <span class='ocrx_word' id='word_1_122' title='bbox 579 1243 773 1291; x_wconf 87' lang='lat' dir='ltr'>bonum</span> <span class='ocrx_word' id='word_1_123' title='bbox 800 1243 982 1299; x_wconf 88' lang='lat' dir='ltr'>virum,</span> <span class='ocrx_word' id='word_1_124' title='bbox 1008 1242 1128 1306; x_wconf 92' lang='lat' dir='ltr'>quia</span> <span class='ocrx_word' id='word_1_125' title='bbox 1156 1258 1260 1290; x_wconf 92' lang='lat' dir='ltr'>non</span> <span class='ocrx_word' id='word_1_126' title='bbox 1293 1241 1536 1306; x_wconf 86' lang='lat' dir='ltr'>intelligit</span> <span class='ocrx_word' id='word_1_127' title='bbox 1566 1241 1671 1288; x_wconf 71' lang='lat' dir='ltr'>fcta</span> <span class='ocrx_word' id='word_1_128' title='bbox 1706 1256 1824 1289; x_wconf 87' lang='lat' dir='ltr'>sua:</span> 
     </span>
     <span class='ocr_line' id='line_1_16' title="bbox 227 1306 1824 1376; baseline -0.003 -18"><span class='ocrx_word' id='word_1_129' title='bbox 227 1309 335 1376; x_wconf 88' lang='lat' dir='ltr'>ipse</span> <span class='ocrx_word' id='word_1_130' title='bbox 359 1311 526 1358; x_wconf 88' lang='lat' dir='ltr'>adhuc</span> <span class='ocrx_word' id='word_1_131' title='bbox 552 1311 762 1358; x_wconf 88' lang='lat' dir='ltr'>deberet</span> <span class='ocrx_word' id='word_1_132' title='bbox 786 1310 855 1358; x_wconf 90' lang='lat' dir='ltr'>ire</span> <span class='ocrx_word' id='word_1_133' title='bbox 881 1310 944 1358; x_wconf 90' lang='lat' dir='ltr'>ad</span> <span class='ocrx_word' id='word_1_134' title='bbox 969 1310 1165 1358; x_wconf 88' lang='lat' dir='ltr'>scholas</span> <span class='ocrx_word' id='word_1_135' title='bbox 1191 1309 1407 1374; x_wconf 85' lang='lat' dir='ltr'>desuper</span> <span class='ocrx_word' id='word_1_136' title='bbox 1425 1309 1478 1356; x_wconf 89' lang='lat'>’&#39;:</span> <span class='ocrx_word' id='word_1_137' title='bbox 1516 1308 1603 1356; x_wconf 91' lang='lat' dir='ltr'>sed</span> <span class='ocrx_word' id='word_1_138' title='bbox 1629 1306 1824 1355; x_wconf 90' lang='lat' dir='ltr'>debetis</span> 
     </span>
     <span class='ocr_line' id='line_1_17' title="bbox 228 1374 1897 1441; baseline -0.004 -15"><span class='ocrx_word' id='word_1_139' title='bbox 228 1378 368 1434; x_wconf 88' lang='lat' dir='ltr'>scire,</span> <span class='ocrx_word' id='word_1_140' title='bbox 397 1379 471 1426; x_wconf 89' lang='lat' dir='ltr'>M.</span> <span class='ocrx_word' id='word_1_141' title='bbox 511 1377 744 1433; x_wconf 86' lang='lat' dir='ltr'>Ortvine‚</span> <span class='ocrx_word' id='word_1_142' title='bbox 770 1378 910 1440; x_wconf 91' lang='lat' dir='ltr'>quod</span> <span class='ocrx_word' id='word_1_143' title='bbox 936 1377 1173 1424; x_wconf 86' lang='lat' dir='ltr'>volumus</span> <span class='ocrx_word' id='word_1_144' title='bbox 1209 1375 1546 1441; x_wconf 89' lang='lat' dir='ltr'>pulcherrime</span> <span class='ocrx_word' id='word_1_145' title='bbox 1571 1374 1825 1422; x_wconf 82' lang='lat' dir='ltr'>vindicare</span> <span class='ocrx_word' id='word_1_146' title='bbox 1860 1389 1897 1419; x_wconf 74' lang='lat'>45</span> 
     </span>
     <span class='ocr_line' id='line_1_18' title="bbox 228 1441 1825 1509; baseline -0.003 -16"><span class='ocrx_word' id='word_1_147' title='bbox 228 1445 379 1493; x_wconf 88' lang='lat' dir='ltr'>istam</span> <span class='ocrx_word' id='word_1_148' title='bbox 405 1445 672 1493; x_wconf 88' lang='lat' dir='ltr'>iniuriam:</span> <span class='ocrx_word' id='word_1_149' title='bbox 709 1444 815 1509; x_wconf 88' lang='lat' dir='ltr'>ipse</span> <span class='ocrx_word' id='word_1_150' title='bbox 840 1451 919 1493; x_wconf 88' lang='lat' dir='ltr'>est</span> <span class='ocrx_word' id='word_1_151' title='bbox 942 1445 1153 1492; x_wconf 88' lang='lat' dir='ltr'>studens</span> <span class='ocrx_word' id='word_1_152' title='bbox 1180 1443 1323 1491; x_wconf 92' lang='lat' dir='ltr'>Colo.</span> <span class='ocrx_word' id='word_1_153' title='bbox 1351 1449 1404 1491; x_wconf 90' lang='lat' dir='ltr'>et</span> <span class='ocrx_word' id='word_1_154' title='bbox 1428 1443 1574 1491; x_wconf 88' lang='lat' dir='ltr'>stetit</span> <span class='ocrx_word' id='word_1_155' title='bbox 1598 1441 1650 1489; x_wconf 94' lang='lat' dir='ltr'>in</span> <span class='ocrx_word' id='word_1_156' title='bbox 1675 1441 1825 1489; x_wconf 90' lang='lat' dir='ltr'>bursa</span> 
     </span>
     <span class='ocr_line' id='line_1_19' title="bbox 228 1509 1824 1577; baseline -0.003 -17"><span class='ocrx_word' id='word_1_157' title='bbox 228 1513 434 1568; x_wconf 84' lang='lat' dir='ltr'>1nontiS‚</span> <span class='ocrx_word' id='word_1_158' title='bbox 478 1513 616 1577; x_wconf 90' lang='lat' dir='ltr'>quod</span> <span class='ocrx_word' id='word_1_159' title='bbox 658 1529 754 1576; x_wconf 88' lang='lat' dir='ltr'>ego</span> <span class='ocrx_word' id='word_1_160' title='bbox 792 1529 883 1576; x_wconf 90' lang='lat' dir='ltr'>pro</span> <span class='ocrx_word' id='word_1_161' title='bbox 922 1517 1061 1559; x_wconf 89' lang='lat' dir='ltr'>certo</span> <span class='ocrx_word' id='word_1_162' title='bbox 1100 1510 1231 1560; x_wconf 90' lang='lat' dir='ltr'>scio:</span> <span class='ocrx_word' id='word_1_163' title='bbox 1282 1527 1404 1575; x_wconf 84' lang='lat' dir='ltr'>ergo</span> <span class='ocrx_word' id='word_1_164' title='bbox 1450 1509 1646 1557; x_wconf 87' lang='lat' dir='ltr'>faciatis</span> <span class='ocrx_word' id='word_1_165' title='bbox 1685 1509 1824 1573; x_wconf 89' lang='lat' dir='ltr'>quod</span> 
     </span>
     <span class='ocr_line' id='line_1_20' title="bbox 228 1576 1823 1629; baseline -0.003 -2"><span class='ocrx_word' id='word_1_166' title='bbox 228 1579 529 1629; x_wconf 88' lang='lat' dir='ltr'>universitas</span> <span class='ocrx_word' id='word_1_167' title='bbox 579 1580 704 1627; x_wconf 89' lang='lat' dir='ltr'>citat</span> <span class='ocrx_word' id='word_1_168' title='bbox 751 1595 900 1627; x_wconf 90' lang='lat' dir='ltr'>eum:</span> <span class='ocrx_word' id='word_1_169' title='bbox 954 1585 1082 1626; x_wconf 89' lang='lat' dir='ltr'>tunc</span> <span class='ocrx_word' id='word_1_170' title='bbox 1121 1577 1361 1625; x_wconf 87' lang='lat' dir='ltr'>volumus</span> <span class='ocrx_word' id='word_1_171' title='bbox 1409 1593 1528 1625; x_wconf 90' lang='lat' dir='ltr'>eum</span> <span class='ocrx_word' id='word_1_172' title='bbox 1571 1576 1823 1625; x_wconf 89' lang='lat' dir='ltr'>declarare</span> 
     </span>
     <span class='ocr_line' id='line_1_21' title="bbox 228 1643 1824 1711; baseline -0.003 -16"><span class='ocrx_word' id='word_1_173' title='bbox 228 1647 504 1711; x_wconf 89' lang='lat' dir='ltr'>periurum,</span> <span class='ocrx_word' id='word_1_174' title='bbox 534 1646 653 1710; x_wconf 90' lang='lat' dir='ltr'>quia</span> <span class='ocrx_word' id='word_1_175' title='bbox 685 1652 761 1694; x_wconf 86' lang='lat' dir='ltr'>est</span> <span class='ocrx_word' id='word_1_176' title='bbox 794 1646 846 1694; x_wconf 91' lang='lat' dir='ltr'>in</span> <span class='ocrx_word' id='word_1_177' title='bbox 881 1643 1202 1693; x_wconf 78' lang='lat' dir='ltr'>matriculatD</span> <span class='ocrx_word' id='word_1_178' title='bbox 1232 1645 1284 1693; x_wconf 90' lang='lat' dir='ltr'>in</span> <span class='ocrx_word' id='word_1_179' title='bbox 1318 1643 1587 1692; x_wconf 87' lang='lat' dir='ltr'>matricula</span> <span class='ocrx_word' id='word_1_180' title='bbox 1624 1643 1824 1691; x_wconf 80' lang='lat' dir='ltr'>univer-</span> 
     </span>
     <span class='ocr_line' id='line_1_22' title="bbox 227 1711 1897 1777; baseline -0.002 -16"><span class='ocrx_word' id='word_1_181' title='bbox 227 1714 390 1762; x_wconf 84' lang='lat' dir='ltr'>sitatis</span> <span class='ocrx_word' id='word_1_182' title='bbox 415 1720 468 1762; x_wconf 89' lang='lat' dir='ltr'>et</span> <span class='ocrx_word' id='word_1_183' title='bbox 490 1714 614 1763; x_wconf 88' lang='lat' dir='ltr'>fecit</span> <span class='ocrx_word' id='word_1_184' title='bbox 637 1714 987 1762; x_wconf 86' lang='lat' dir='ltr'>iuramentum</span> <span class='ocrx_word' id='word_1_185' title='bbox 1019 1713 1158 1777; x_wconf 91' lang='lat' dir='ltr'>quod</span> <span class='ocrx_word' id='word_1_186' title='bbox 1184 1712 1297 1760; x_wconf 85' lang='lat' dir='ltr'>vult</span> <span class='ocrx_word' id='word_1_187' title='bbox 1329 1727 1598 1777; x_wconf 88' lang='lat' dir='ltr'>procurare</span> <span class='ocrx_word' id='word_1_188' title='bbox 1631 1711 1823 1758; x_wconf 90' lang='lat' dir='ltr'>bonum</span> <span class='ocrx_word' id='word_1_189' title='bbox 1859 1728 1897 1758; x_wconf 85' lang='lat'>50</span> 
     </span>
     <span class='ocr_line' id='line_1_23' title="bbox 227 1778 1822 1830; baseline -0.002 -2"><span class='ocrx_word' id='word_1_190' title='bbox 227 1781 584 1830; x_wconf 80' lang='lat' dir='ltr'>universitatis,</span> <span class='ocrx_word' id='word_1_191' title='bbox 659 1780 759 1829; x_wconf 88' lang='lat' dir='ltr'>Sed</span> <span class='ocrx_word' id='word_1_192' title='bbox 784 1797 921 1829; x_wconf 90' lang='lat' dir='ltr'>nunc</span> <span class='ocrx_word' id='word_1_193' title='bbox 947 1787 1051 1829; x_wconf 90' lang='lat' dir='ltr'>stat</span> <span class='ocrx_word' id='word_1_194' title='bbox 1076 1797 1194 1827; x_wconf 88' lang='lat' dir='ltr'>cum</span> <span class='ocrx_word' id='word_1_195' title='bbox 1224 1781 1265 1828; x_wconf 92' lang='grc' dir='ltr'>Ι.</span> <span class='ocrx_word' id='word_1_196' title='bbox 1293 1779 1357 1827; x_wconf 90' lang='lat' dir='ltr'>R.</span> <span class='ocrx_word' id='word_1_197' title='bbox 1381 1784 1559 1827; x_wconf 89' lang='lat' dir='ltr'>contra</span> <span class='ocrx_word' id='word_1_198' title='bbox 1582 1778 1822 1826; x_wconf 86' lang='lat' dir='ltr'>universi-</span> 
     </span>
     <span class='ocr_line' id='line_1_24' title="bbox 225 1846 1825 1912; baseline -0.002 -16"><span class='ocrx_word' id='word_1_199' title='bbox 225 1854 402 1897; x_wconf 88' lang='lat' dir='ltr'>tatem.</span> <span class='ocrx_word' id='word_1_200' title='bbox 475 1849 551 1896; x_wconf 76' lang='lat' dir='ltr'>Et</span> <span class='ocrx_word' id='word_1_201' title='bbox 604 1865 728 1912; x_wconf 84' lang='lat' dir='ltr'>rogo</span> <span class='ocrx_word' id='word_1_202' title='bbox 776 1847 914 1912; x_wconf 92' lang='lat' dir='ltr'>quod</span> <span class='ocrx_word' id='word_1_203' title='bbox 962 1847 1130 1896; x_wconf 90' lang='lat' dir='ltr'>velitis</span> <span class='ocrx_word' id='word_1_204' title='bbox 1177 1847 1273 1895; x_wconf 87' lang='lat' dir='ltr'>hoc</span> <span class='ocrx_word' id='word_1_205' title='bbox 1321 1846 1497 1894; x_wconf 87' lang='lat' dir='ltr'>statim</span> <span class='ocrx_word' id='word_1_206' title='bbox 1544 1846 1724 1900; x_wconf 86' lang='lat' dir='ltr'>facere,</span> <span class='ocrx_word' id='word_1_207' title='bbox 1773 1851 1825 1893; x_wconf 91' lang='lat' dir='ltr'>et</span> 
     </span>
     <span class='ocr_line' id='line_1_25' title="bbox 226 1912 1824 1979; baseline -0.002 -16"><span class='ocrx_word' id='word_1_208' title='bbox 226 1916 445 1964; x_wconf 87' lang='lat' dir='ltr'>mittatis</span> <span class='ocrx_word' id='word_1_209' title='bbox 487 1915 613 1963; x_wconf 88' lang='lat' dir='ltr'>mihi</span> <span class='ocrx_word' id='word_1_210' title='bbox 651 1915 839 1963; x_wconf 91' lang='lat' dir='ltr'>librum</span> <span class='ocrx_word' id='word_1_211' title='bbox 879 1916 920 1963; x_wconf 93' lang='lat' dir='ltr'>I.</span> <span class='ocrx_word' id='word_1_212' title='bbox 962 1917 1022 1963; x_wconf 91' lang='lat' dir='ltr'>P.</span> <span class='ocrx_word' id='word_1_213' title='bbox 1063 1915 1152 1979; x_wconf 91' lang='lat' dir='ltr'>qui</span> <span class='ocrx_word' id='word_1_214' title='bbox 1193 1914 1487 1962; x_wconf 88' lang='lat' dir='ltr'>intitulatur</span> <span class='ocrx_word' id='word_1_215' title='bbox 1527 1912 1824 1961; x_wconf 85' lang='lat' dir='ltr'>“Defensio</span> 
     </span>
     <span class='ocr_line' id='line_1_26' title="bbox 227 1979 1822 2047; baseline -0.003 -16"><span class='ocrx_word' id='word_1_216' title='bbox 227 1983 267 2031; x_wconf 91' lang='lat' dir='ltr'>I.</span> <span class='ocrx_word' id='word_1_217' title='bbox 300 1984 359 2031; x_wconf 89' lang='lat' dir='ltr'>P.</span> <span class='ocrx_word' id='word_1_218' title='bbox 397 1990 574 2031; x_wconf 86' lang='lat' dir='ltr'>contra</span> <span class='ocrx_word' id='word_1_219' title='bbox 608 1983 872 2031; x_wconf 86' lang='lat' dir='ltr'>famosas.”</span> <span class='ocrx_word' id='word_1_220' title='bbox 944 1982 1062 2046; x_wconf 80' lang='lat' dir='ltr'>Ego</span> <span class='ocrx_word' id='word_1_221' title='bbox 1088 1981 1191 2030; x_wconf 89' lang='lat' dir='ltr'>vidi</span> <span class='ocrx_word' id='word_1_222' title='bbox 1226 1998 1392 2047; x_wconf 90' lang='lat' dir='ltr'>nuper</span> <span class='ocrx_word' id='word_1_223' title='bbox 1426 1997 1589 2028; x_wconf 90' lang='lat' dir='ltr'>unum</span> <span class='ocrx_word' id='word_1_224' title='bbox 1628 1979 1822 2028; x_wconf 89' lang='lat' dir='ltr'>socium</span> 
     </span>
     <span class='ocr_line' id='line_1_27' title="bbox 223 2046 1896 2115; baseline -0.003 -17"><span class='ocrx_word' id='word_1_225' title='bbox 223 2057 426 2115; x_wconf 89' lang='lat' dir='ltr'>portare</span> <span class='ocrx_word' id='word_1_226' title='bbox 450 2051 566 2107; x_wconf 82' lang='lat' dir='ltr'>huc,</span> <span class='ocrx_word' id='word_1_227' title='bbox 585 2057 638 2099; x_wconf 89' lang='lat' dir='ltr'>et</span> <span class='ocrx_word' id='word_1_228' title='bbox 662 2050 846 2100; x_wconf 88' lang='lat' dir='ltr'>vellem</span> <span class='ocrx_word' id='word_1_229' title='bbox 872 2049 944 2098; x_wconf 90' lang='lat' dir='ltr'>ita</span> <span class='ocrx_word' id='word_1_230' title='bbox 967 2050 1187 2099; x_wconf 91' lang='lat' dir='ltr'>libenter</span> <span class='ocrx_word' id='word_1_231' title='bbox 1210 2049 1395 2098; x_wconf 88' lang='lat' dir='ltr'>habere</span> <span class='ocrx_word' id='word_1_232' title='bbox 1414 2048 1553 2112; x_wconf 93' lang='lat' dir='ltr'>quod</span> <span class='ocrx_word' id='word_1_233' title='bbox 1580 2064 1666 2095; x_wconf 90' lang='lat' dir='ltr'>cor</span> <span class='ocrx_word' id='word_1_234' title='bbox 1684 2046 1823 2095; x_wconf 91' lang='lat' dir='ltr'>dolet</span> <span class='ocrx_word' id='word_1_235' title='bbox 1858 2063 1896 2093; x_wconf 89' lang='lat'>55</span> 
     </span>
     <span class='ocr_line' id='line_1_28' title="bbox 223 2114 1824 2182; baseline -0.002 -16"><span class='ocrx_word' id='word_1_236' title='bbox 223 2117 350 2166; x_wconf 92' lang='lat' dir='ltr'>mihi</span> <span class='ocrx_word' id='word_1_237' title='bbox 385 2118 517 2174; x_wconf 90' lang='lat' dir='ltr'>inde,</span> <span class='ocrx_word' id='word_1_238' title='bbox 560 2118 681 2182; x_wconf 87' lang='lat' dir='ltr'>quia</span> <span class='ocrx_word' id='word_1_239' title='bbox 714 2117 831 2165; x_wconf 90' lang='lat' dir='ltr'>talis</span> <span class='ocrx_word' id='word_1_240' title='bbox 867 2117 993 2166; x_wconf 91' lang='lat' dir='ltr'>liber</span> <span class='ocrx_word' id='word_1_241' title='bbox 1028 2117 1183 2165; x_wconf 91' lang='lat' dir='ltr'>habet</span> <span class='ocrx_word' id='word_1_242' title='bbox 1220 2116 1410 2165; x_wconf 91' lang='lat' dir='ltr'>multas</span> <span class='ocrx_word' id='word_1_243' title='bbox 1451 2114 1824 2180; x_wconf 88' lang='lat' dir='ltr'>propositiones</span> 
     </span>
     <span class='ocr_line' id='line_1_29' title="bbox 223 2181 1822 2248; baseline -0.003 -15"><span class='ocrx_word' id='word_1_244' title='bbox 223 2185 450 2234; x_wconf 87' lang='lat' dir='ltr'>subtiles.</span> <span class='ocrx_word' id='word_1_245' title='bbox 523 2185 785 2233; x_wconf 90' lang='lat' dir='ltr'>Dominus</span> <span class='ocrx_word' id='word_1_246' title='bbox 821 2185 945 2233; x_wconf 91' lang='lat' dir='ltr'>deus</span> <span class='ocrx_word' id='word_1_247' title='bbox 970 2186 1167 2248; x_wconf 88' lang='lat' dir='ltr'>[noster</span> <span class='ocrx_word' id='word_1_248' title='bbox 1201 2184 1253 2232; x_wconf 91' lang='lat' dir='ltr'>in</span> <span class='ocrx_word' id='word_1_249' title='bbox 1289 2190 1495 2232; x_wconf 89' lang='lat' dir='ltr'>aeterna</span> <span class='ocrx_word' id='word_1_250' title='bbox 1528 2182 1710 2247; x_wconf 86' lang='lat' dir='ltr'>gloria]</span> <span class='ocrx_word' id='word_1_251' title='bbox 1735 2181 1822 2230; x_wconf 88' lang='lat' dir='ltr'>det</span> 
     </span>
     <span class='ocr_line' id='line_1_30' title="bbox 224 2251 1169 2317; baseline 0 -17"><span class='ocrx_word' id='word_1_252' title='bbox 224 2251 368 2301; x_wconf 83' lang='lat' dir='ltr'>vobis</span> <span class='ocrx_word' id='word_1_253' title='bbox 393 2252 611 2302; x_wconf 88' lang='lat' dir='ltr'>salutem</span> <span class='ocrx_word' id='word_1_254' title='bbox 637 2259 689 2301; x_wconf 91' lang='lat' dir='ltr'>et</span> <span class='ocrx_word' id='word_1_255' title='bbox 713 2269 905 2317; x_wconf 87' lang='lat' dir='ltr'>pacem.</span> <span class='ocrx_word' id='word_1_256' title='bbox 978 2252 1169 2300; x_wconf 87' lang='lat' dir='ltr'>Amen.</span> 
     </span>
    </p>
   </div>
   <div class='ocr_carea' id='block_1_3' title="bbox 279 2530 1759 2717">
    <p class='ocr_par' dir='ltr' id='par_1_3' title="bbox 279 2530 1759 2717">
     <span class='ocr_line' id='line_1_31' title="bbox 977 2530 1064 2577; baseline -0.011 0"><span class='ocrx_word' id='word_1_257' title='bbox 977 2530 1064 2577; x_wconf 81' lang='lat' dir='ltr'>XI</span> 
     </span>
     <span class='ocr_line' id='line_1_32' title="bbox 279 2663 1759 2717; baseline -0.004 0"><span class='ocrx_word' id='word_1_258' title='bbox 279 2668 343 2717; x_wconf 68' lang='grc' dir='ltr'>(Ε</span> <span class='ocrx_word' id='word_1_259' title='bbox 382 2668 420 2715; x_wconf 91' lang='lat' dir='ltr'><em>I</em></span> <span class='ocrx_word' id='word_1_260' title='bbox 422 2667 732 2716; x_wconf 86' lang='lat' dir='ltr'>ODOCUS</span> <span class='ocrx_word' id='word_1_261' title='bbox 762 2666 1160 2714; x_wconf 76' lang='lat' dir='ltr'><em>SARTORIS</em></span> <span class='ocrx_word' id='word_1_262' title='bbox 1190 2665 1270 2713; x_wconf 82' lang='lat' dir='ltr'>M.</span> <span class='ocrx_word' id='word_1_263' title='bbox 1315 2665 1530 2714; x_wconf 79' lang='lat' dir='ltr'>Ortvino</span> <span class='ocrx_word' id='word_1_264' title='bbox 1570 2663 1759 2712; x_wconf 72' lang='lat' dir='ltr'>Gratio</span> 
     </span>
    </p>
   </div>
   <div class='ocr_carea' id='block_1_4' title="bbox 220 2800 1820 3000">
    <p class='ocr_par' dir='ltr' id='par_1_4' title="bbox 220 2800 1820 3000">
     <span class='ocr_line' id='line_1_33' title="bbox 227 2800 1819 2917; baseline -0.003 -68"><span class='ocrx_word' id='word_1_265' title='bbox 227 2800 638 2917; x_wconf 72' lang='lat' dir='ltr'><strong>SALUTEM</strong></span> <span class='ocrx_word' id='word_1_266' title='bbox 694 2801 1061 2865; x_wconf 87' lang='lat' dir='ltr'>sempiternam</span> <span class='ocrx_word' id='word_1_267' title='bbox 1109 2805 1162 2847; x_wconf 90' lang='lat' dir='ltr'>et</span> <span class='ocrx_word' id='word_1_268' title='bbox 1214 2814 1409 2846; x_wconf 79' lang='lat' dir='ltr'>novum</span> <span class='ocrx_word' id='word_1_269' title='bbox 1456 2812 1650 2845; x_wconf 89' lang='lat' dir='ltr'>annum</span> <span class='ocrx_word' id='word_1_270' title='bbox 1699 2813 1819 2845; x_wconf 90' lang='lat' dir='ltr'>curn</span> 
     </span>
     <span class='ocr_line' id='line_1_34' title="bbox 355 2864 1818 2928; baseline -0.003 -13"><span class='ocrx_word' id='word_1_271' title='bbox 355 2868 490 2916; x_wconf 90' lang='lat' dir='ltr'>bona</span> <span class='ocrx_word' id='word_1_272' title='bbox 524 2868 734 2916; x_wconf 88' lang='lat' dir='ltr'>fortuna</span> <span class='ocrx_word' id='word_1_273' title='bbox 774 2867 906 2916; x_wconf 92' lang='lat' dir='ltr'>sicut</span> <span class='ocrx_word' id='word_1_274' title='bbox 945 2870 1041 2916; x_wconf 63' lang='lat' dir='ltr'>est?</span> <span class='ocrx_word' id='word_1_275' title='bbox 1065 2866 1117 2914; x_wconf 92' lang='lat' dir='ltr'>in</span> <span class='ocrx_word' id='word_1_276' title='bbox 1159 2865 1370 2920; x_wconf 90' lang='lat' dir='ltr'>mund0‚</span> <span class='ocrx_word' id='word_1_277' title='bbox 1408 2871 1458 2912; x_wconf 92' lang='lat' dir='ltr'>et</span> <span class='ocrx_word' id='word_1_278' title='bbox 1501 2864 1618 2928; x_wconf 91' lang='lat' dir='ltr'>plus</span> <span class='ocrx_word' id='word_1_279' title='bbox 1660 2864 1699 2911; x_wconf 91' lang='lat' dir='ltr'>si</span> <span class='ocrx_word' id='word_1_280' title='bbox 1742 2871 1818 2912; x_wconf 84' lang='lat' dir='ltr'>est</span> 
     </span>
     <span class='ocr_line' id='line_1_35' title="bbox 220 2931 1820 3000; baseline -0.002 -17"><span class='ocrx_word' id='word_1_281' title='bbox 220 2935 478 3000; x_wconf 89' lang='lat' dir='ltr'>possibile,</span> <span class='ocrx_word' id='word_1_282' title='bbox 514 2941 639 3000; x_wconf 92' lang='lat' dir='ltr'>opto</span> <span class='ocrx_word' id='word_1_283' title='bbox 682 2941 880 2984; x_wconf 88' lang='lat' dir='ltr'>vestrae</span> <span class='ocrx_word' id='word_1_284' title='bbox 927 2931 1282 2987; x_wconf 89' lang='lat' dir='ltr'>dominationi,</span> <span class='ocrx_word' id='word_1_285' title='bbox 1322 2948 1453 2996; x_wconf 88' lang='lat' dir='ltr'>quae</span> <span class='ocrx_word' id='word_1_286' title='bbox 1494 2931 1648 2979; x_wconf 88' lang='lat' dir='ltr'>debet</span> <span class='ocrx_word' id='word_1_287' title='bbox 1695 2932 1820 2980; x_wconf 89' lang='lat' dir='ltr'>scire</span> 
     </span>
    </p>
   </div>
   <div class='ocr_carea' id='block_1_5' title="bbox 267 3044 1818 3136">
    <p class='ocr_par' dir='ltr' id='par_1_5' title="bbox 267 3044 1818 3136">
     <span class='ocr_line' id='line_1_36' title="bbox 267 3044 584 3064; baseline 0.003 -1"><span class='ocrx_word' id='word_1_288' title='bbox 267 3044 295 3064; x_wconf 79' lang='lat' dir='ltr'>ss</span> <span class='ocrx_word' id='word_1_289' title='bbox 578 3047 584 3054; x_wconf 89' lang='lat'>&#39;</span> 
     </span>
     <span class='ocr_line' id='line_1_37' title="bbox 267 3047 1818 3136; baseline -0.001 -11"><span class='ocrx_word' id='word_1_290' title='bbox 267 3091 294 3111; x_wconf 83' lang='lat'>⁴¹</span> <span class='ocrx_word' id='word_1_291' title='bbox 312 3047 599 3135; x_wconf 48' lang='grc' dir='ltr'>Ξῖίζῖιῖζιῖιιηῗεῧιέ</span> <span class='ocrx_word' id='word_1_292' title='bbox 613 3048 757 3127; x_wconf 40' lang='lat' dir='ltr'>gizei?</span> <span class='ocrx_word' id='word_1_293' title='bbox 774 3093 857 3135; x_wconf 85' lang='lat' dir='ltr'>lnn,</span> <span class='ocrx_word' id='word_1_294' title='bbox 871 3093 908 3126; x_wconf 89' lang='lat' dir='ltr'>in</span> <span class='ocrx_word' id='word_1_295' title='bbox 920 3091 984 3126; x_wconf 85' lang='lat' dir='ltr'>the</span> <span class='ocrx_word' id='word_1_296' title='bbox 997 3092 1134 3136; x_wconf 80' lang='lat' dir='ltr'>Campo</span> <span class='ocrx_word' id='word_1_297' title='bbox 1146 3089 1204 3125; x_wconf 84' lang='lat' dir='ltr'>dei</span> <span class='ocrx_word' id='word_1_298' title='bbox 1218 3089 1556 3134; x_wconf 82' lang='lat' dir='ltr'>Fiori,frequented</span> <span class='ocrx_word' id='word_1_299' title='bbox 1571 3089 1616 3135; x_wconf 86' lang='lat' dir='ltr'>by</span> <span class='ocrx_word' id='word_1_300' title='bbox 1628 3091 1818 3125; x_wconf 80' lang='lat' dir='ltr'>Germans.</span> 
     </span>
    </p>
   </div>
   <div class='ocr_carea' id='block_1_6' title="bbox 267 3138 1064 3174">
    <p class='ocr_par' dir='ltr' id='par_1_6' title="bbox 267 3138 1064 3174">
     <span class='ocr_line' id='line_1_38' title="bbox 267 3138 1064 3174; baseline 0.001 -2"><span class='ocrx_word' id='word_1_301' title='bbox 267 3138 293 3158; x_wconf 84' lang='lat'>⁶⁷</span> <span class='ocrx_word' id='word_1_302' title='bbox 314 3139 449 3173; x_wconf 76' lang='lat' dir='ltr'>words</span> <span class='ocrx_word' id='word_1_303' title='bbox 467 3141 504 3173; x_wconf 86' lang='lat' dir='ltr'>in</span> <span class='ocrx_word' id='word_1_304' title='bbox 523 3139 693 3174; x_wconf 86' lang='lat' dir='ltr'>brackets</span> <span class='ocrx_word' id='word_1_305' title='bbox 710 3151 771 3174; x_wconf 85' lang='lat' dir='ltr'>are</span> <span class='ocrx_word' id='word_1_306' title='bbox 791 3139 946 3173; x_wconf 85' lang='lat' dir='ltr'>omitted</span> <span class='ocrx_word' id='word_1_307' title='bbox 965 3140 1002 3172; x_wconf 92' lang='lat' dir='ltr'>in</span> <span class='ocrx_word' id='word_1_308' title='bbox 1022 3139 1064 3173; x_wconf 91' lang='lat' dir='ltr'>D.</span> 
     </span>
    </p>
   </div>
   <div class='ocr_carea' id='block_1_7' title="bbox 981 3199 1075 3240">
    <p class='ocr_par' dir='ltr' id='par_1_7' title="bbox 981 3199 1075 3240">
     <span class='ocr_line' id='line_1_39' title="bbox 981 3199 1075 3240; baseline -0.021 0"><span class='ocrx_word' id='word_1_309' title='bbox 981 3199 1075 3240; x_wconf 87' lang='lat'>155</span> 
     </span>
    </p>
   </div>
  </div>
 </body>
</html>
