2247 3637
407 265 878 321 EPISTOLAE
938 264 1530 322 OBSCURORUM
1585 263 1995 321 VIRORUM

404 375 501 431 dei,
535 375 724 423 debent
763 374 929 439 sperni
967 375 1112 439 quasi
1154 383 1322 424 essent
1363 375 1521 424 stulti.
1596 373 1829 422 Credatis
1870 372 1996 421 mihi

332 460 371 490 30
403 442 632 497 firmiter,
658 442 798 506 quod
833 442 957 490 fides
993 443 1260 490 Catholica
1294 443 1501 491 habebit
1529 457 1777 505 magnum
1801 440 1998 488 malum

404 510 605 566 exinde,
632 515 686 557 et
709 525 804 574 ego
832 509 1007 566 time0‚
1034 510 1173 573 quod
1203 510 1298 558 erit
1327 527 1430 557 una
1459 508 1688 557 confusio
1712 508 1765 555 in
1790 507 2000 555 ecclesia

404 576 500 624 dei.
572 576 749 623 Etiam
785 576 978 632 dicunt,
1004 578 1147 639 quod
1183 576 1420 624 dominus
1456 575 1764 639 apostolicus
1796 580 1873 622 est
1908 589 1999 638 pro

404 649 548 708 parte
579 643 822 691 Iohannis
859 644 1131 700 Reuchlin,
1158 643 1278 707 quia
1311 643 1418 708 ipse
1453 643 1610 691 etiam
1646 648 1722 690 est
1760 648 1912 705 poeta
1948 646 2000 687 et

404 710 545 758 favet
586 710 788 758 iuristis.
862 710 964 757 Sed
1004 716 1181 758 tamen
1219 727 1364 775 spero
1410 710 1550 773 quod
1597 726 1687 757 sua
1736 707 1999 756 Sanctissi-

333 793 372 823 35
404 778 557 824 mitas
591 776 966 825 illuminabitur
1000 794 1089 841 per
1122 778 1340 841 gratiam
1378 775 1778 842 Spiritussancti‚
1809 781 1861 823 et
1897 791 2000 822 non

405 844 547 892 dabit
583 845 771 892 malam
807 843 1131 900 sententiam,

506 945 645 1008 quod
669 945 794 992 velit
819 945 1059 992 dominus
1082 945 1208 993 deus
1277 945 1366 1008 qui
1391 951 1572 1010 regnat
1596 944 1648 992 in
1672 942 1819 991 terris
1843 949 1895 990 et

606 1028 694 1076 per
719 1011 884 1058 caelos

507 1085 559 1126 et
584 1095 674 1126 sua
698 1085 862 1126 mater
886 1077 1030 1142 virgo
1056 1078 1237 1135 Maria,
1308 1096 1440 1143 quae
1464 1079 1644 1127 liberet
1670 1094 1761 1125 nos
1787 1077 1851 1124 ab

332 1161 370 1189 40
606 1145 703 1192 ista
727 1145 935 1209 poetria.

512 1231 664 1268 Datum
685 1229 841 1267 Roma.

1182 1369 1230 1416 V

474 1507 537 1555 «I
576 1505 737 1552 FRA
754 1505 911 1552 TER
952 1505 991 1552 I
992 1504 1394 1552 OHANNES
1426 1506 1543 1552 DE
1590 1504 1931 1553 WERDEA

942 1571 1021 1620 M.
1054 1572 1269 1619 Ortvz'no
1302 1572 1490 1620 Gratio

549 1706 840 1753 UMILES
889 1712 944 1754 et
994 1705 1204 1753 devotes
1253 1705 1524 1754 Orationes
1572 1723 1690 1754 cum
1735 1721 2008 1753 numerosa

581 1774 758 1821 salute.
832 1772 1150 1820 Venerabilis
1190 1772 1281 1828 vir,
1324 1789 1413 1820 vos
1456 1773 1672 1821 scribitis
1707 1772 1833 1821 mihi
1868 1772 2006 1835 quod

355 1860 374 1890 5
409 1840 672 1889 audivistis
720 1840 858 1904 quod
908 1840 1075 1888 Causa
1121 1846 1290 1887 vestra
1337 1840 1468 1888 male
1515 1847 1618 1888 stat
1660 1847 1712 1888 et
1753 1839 2006 1887 Iohannes

410 1907 668 1956 Reuchlin
721 1907 990 1971 acquisivit
1039 1923 1196 1954 unam
1249 1907 1605 1956 inhibitionem
1656 1906 2004 1971 apostolicam.

411 1976 484 2023 Et
526 1974 741 2022 scribitis
782 1974 907 2022 mihi
950 1974 1089 2038 quod
1130 1973 1325 2022 timetis
1367 1974 1529 2032 valde,
1560 1991 1624 2022 ne
1660 1973 1868 2022 habebit
1905 1973 2008 2020 vic-

409 2043 595 2090 toriam
644 2047 822 2089 contra
869 2041 1160 2105 Theologos
1212 2047 1264 2088 et
1325 2041 1717 2090 Sanctissimum
1775 2040 2008 2088 ordinem

412 2116 660 2164 nostrum,
709 2114 761 2156 et
812 2115 991 2172 postea
1042 2108 1464 2157 scandalizabitur
1510 2108 1720 2157 ecclesia
1767 2107 1860 2156 dei.
1960 2107 2006 2154 O

340 2195 378 2225 10
413 2177 642 2225 modicae
689 2175 806 2222 fidei
854 2175 1010 2223 vultis
1053 2191 1159 2223 esse
1201 2176 1274 2223 ita
1314 2177 1627 2240 perterritus,
1671 2174 1810 2239 quod
1851 2174 2009 2222 vultis

412 2244 588 2292 statim
612 2244 913 2307 desperare?
983 2242 1182 2290 Tamen
1217 2242 1340 2290 olim
1382 2244 1587 2307 quando
1626 2242 1702 2291 fui
1743 2242 2011 2290 vobiscum

413 2311 466 2359 in
520 2309 821 2364 Daventria,
872 2325 976 2356 non
1033 2309 1201 2357 fuistis
1259 2310 1331 2358 ita
1388 2310 1568 2366 timax,
1618 2310 1704 2359 sed
1762 2308 2011 2356 habuistis

414 2393 656 2442 magnam
696 2376 976 2423 audaciam.
1050 2376 1189 2432 Quia
1231 2377 1334 2425 scio
1373 2378 1539 2426 adhuc
1578 2378 1724 2433 bene,
1749 2375 2011 2441 quomodo

415 2445 572 2493 semel
609 2442 924 2508 percussistis
963 2442 1074 2490 illos
1113 2443 1241 2490 duos
1284 2445 1486 2501 beanos,
1513 2445 1776 2492 venientes
1818 2443 1882 2489 ad
1923 2459 2011 2490 vos

343 2529 381 2559 15
417 2529 536 2560 cum
572 2511 738 2575 longis
775 2509 966 2564 cultris,
992 2515 1044 2557 et
1082 2526 1171 2557 vos
1210 2527 1313 2558 non
1349 2512 1597 2560 habuistis
1622 2527 1785 2558 unum
1810 2526 2012 2557 armum

416 2596 504 2627 seu
551 2577 948 2626 defendiculum.
1045 2576 1119 2623 Et
1164 2583 1339 2625 tamen
1397 2578 1712 2643 percussistis
1760 2593 1844 2624 eos
1893 2593 2012 2623 cum

416 2646 668 2695 adiutorio
703 2645 785 2692 dei
821 2643 1022 2691 realiter
1054 2660 1172 2690 cum
1209 2645 1414 2702 effectu,
1445 2646 1517 2693 ita
1551 2644 1689 2708 quod
1726 2659 1858 2691 unus
1895 2660 2014 2707 prae

415 2714 600 2761 timore
639 2710 916 2777 pei-minxit
954 2726 1017 2757 se.
1091 2710 1164 2757 Et
1206 2711 1447 2759 viderunt
1488 2713 1638 2760 multi
1687 2710 1918 2758 homines
1961 2717 2014 2758 et

464 2855 624 2891 ”sum-c.
675 2856 742 2890 See
772 2856 807 2890 ii.
841 2853 888 2889 32
915 2854 972 2888 for
1000 2853 1064 2888 the
1093 2852 1182 2898 only
1296 2852 1308 2870 '²
1329 2856 1461 2888 inbibit.
1504 2859 1612 2897 apost.
1677 2855 1762 2888 «Ian.
1806 2856 1864 2896 19,
1908 2855 2011 2887 1515.

418 2904 526 2938 othcr
542 2905 717 2937 instance.
1249 2901 1402 2945 (Maius,
1431 2903 1494 2936 Vit.
1519 2903 1658 2944 steneli„
1678 2913 1710 2947 p.
1729 2901 1825 2946 467.)

465 2950 478 2968 ¹
496 2952 524 2984 J.
552 2953 593 2983 de
626 2952 678 2982 W.
735 2948 907 2982 Believed
937 2948 984 2993 by
1014 2947 1181 2991 Biicking

419 3001 457 3030 to
483 2997 589 3030 stand
616 2997 672 3030 for
698 2997 724 3014 “
737 2996 928 3030 ,lohannes
954 2994 1075 3037 Fabri,
1093 2993 1181 3027 alias
1296 2992 1323 3012 ¹²
1340 2997 1462 3028 limam.
1517 2996 1657 3028 Occurs
1674 2992 1750 3027 also
1769 2993 1805 3026 in
1825 2993 1859 3026 ii.
1880 2992 1934 3025 58.

420 3043 624 3087 Obcrmayr
658 3044 702 3077 (le
736 3042 933 3085 WVerdeaj'
978 3042 1112 3075 Rector
1144 3040 1186 3074 of

425 3091 562 3135 Leipsic
582 3090 687 3124 Univ.
709 3091 745 3123 in
765 3092 868 3123 1486.
916 3088 1077 3123 &Verdau
1096 3089 1125 3121 is
1143 3088 1180 3120 in
1299 3085 1323 3104 ¹³
1342 3097 1492 3119 armum.
1546 3084 1744 3129 Evidently
1763 3097 1784 3117 a
1808 3084 1900 3129 sing.
1919 3083 2014 3117 from

421 3138 580 3181 Saxony,
600 3148 687 3170 near
705 3136 885 3170 Zwickau.
1250 3144 1361 3167 arma.

1182 3195 1276 3236 140
