<?xml version="1.0" encoding="UTF-8"?>
<!DOCTYPE html PUBLIC "-//W3C//DTD XHTML 1.0 Transitional//EN"
    "http://www.w3.org/TR/xhtml1/DTD/xhtml1-transitional.dtd">
<html xmlns="http://www.w3.org/1999/xhtml" xml:lang="en" lang="en">
 <head>
  <title>
</title>
<meta http-equiv="Content-Type" content="text/html;charset=utf-8" />
  <meta name='ocr-system' content='tesseract 3.04.00' />
  <meta name='ocr-capabilities' content='ocr_page ocr_carea ocr_par ocr_line ocrx_word'/>
</head>
<body>
  <div class='ocr_page' id='page_1' title='image "./epistolaeobscuro00huttuoft_0316.png"; bbox 0 0 2247 3637; ppageno 0'>
   <div class='ocr_carea' id='block_1_1' title="bbox 439 269 2028 327">
    <p class='ocr_par' dir='ltr' id='par_1_1' title="bbox 439 269 2028 327">
     <span class='ocr_line' id='line_1_1' title="bbox 439 269 2028 327; baseline -0.002 0"><span class='ocrx_word' id='word_1_1' title='bbox 439 271 910 327; x_wconf 84' lang='lat' dir='ltr'>EPISTOLAE</span> <span class='ocrx_word' id='word_1_2' title='bbox 970 270 1561 327; x_wconf 77' lang='lat' dir='ltr'>OBSCURORUM</span> <span class='ocrx_word' id='word_1_3' title='bbox 1616 269 2028 326; x_wconf 82' lang='lat' dir='ltr'>VIRORUM</span> 
     </span>
    </p>
   </div>
   <div class='ocr_carea' id='block_1_2' title="bbox 366 378 2034 2049">
    <p class='ocr_par' dir='ltr' id='par_1_2' title="bbox 366 378 2034 2049">
     <span class='ocr_line' id='line_1_2' title="bbox 437 378 2029 444; baseline -0.001 -17"><span class='ocrx_word' id='word_1_4' title='bbox 437 380 686 427; x_wconf 76' lang='lat' dir='ltr'>Coloniesi</span> <span class='ocrx_word' id='word_1_5' title='bbox 723 386 844 427; x_wconf 91' lang='lat' dir='ltr'>sunt</span> <span class='ocrx_word' id='word_1_6' title='bbox 881 379 1052 443; x_wconf 83' lang='lat' dir='ltr'>magni</span> <span class='ocrx_word' id='word_1_7' title='bbox 1101 379 1261 436; x_wconf 89' lang='lat' dir='ltr'>stulti,</span> <span class='ocrx_word' id='word_1_8' title='bbox 1298 380 1418 444; x_wconf 90' lang='lat' dir='ltr'>quia</span> <span class='ocrx_word' id='word_1_9' title='bbox 1454 380 1618 427; x_wconf 90' lang='lat' dir='ltr'>Poeta</span> <span class='ocrx_word' id='word_1_10' title='bbox 1653 385 1706 426; x_wconf 89' lang='lat' dir='ltr'>et</span> <span class='ocrx_word' id='word_1_11' title='bbox 1742 378 2029 443; x_wconf 84' lang='lat' dir='ltr'>Episcopus</span> 
     </span>
     <span class='ocr_line' id='line_1_3' title="bbox 437 445 2028 511; baseline -0.001 -17"><span class='ocrx_word' id='word_1_12' title='bbox 437 446 635 511; x_wconf 85' lang='lat' dir='ltr'>proprie</span> <span class='ocrx_word' id='word_1_13' title='bbox 684 453 804 494; x_wconf 91' lang='lat' dir='ltr'>sunt</span> <span class='ocrx_word' id='word_1_14' title='bbox 851 446 955 493; x_wconf 94' lang='lat' dir='ltr'>duo</span> <span class='ocrx_word' id='word_1_15' title='bbox 1003 447 1424 495; x_wconf 87' lang='lat' dir='ltr'>Contradictoria.</span> <span class='ocrx_word' id='word_1_16' title='bbox 1520 445 1697 493; x_wconf 87' lang='lat' dir='ltr'>Etiam</span> <span class='ocrx_word' id='word_1_17' title='bbox 1744 462 1848 493; x_wconf 93' lang='lat' dir='ltr'>non</span> <span class='ocrx_word' id='word_1_18' title='bbox 1896 451 2028 494; x_wconf 88' lang='lat' dir='ltr'>esset</span> 
     </span>
     <span class='ocr_line' id='line_1_4' title="bbox 366 513 2031 577; baseline -0.001 -17"><span class='ocrx_word' id='word_1_19' title='bbox 366 530 405 560; x_wconf 85' lang='lat'>30</span> <span class='ocrx_word' id='word_1_20' title='bbox 438 514 634 561; x_wconf 90' lang='lat' dir='ltr'>bonum</span> <span class='ocrx_word' id='word_1_21' title='bbox 676 530 767 577; x_wconf 89' lang='lat' dir='ltr'>pro</span> <span class='ocrx_word' id='word_1_22' title='bbox 805 529 955 560; x_wconf 89' lang='lat' dir='ltr'>causa</span> <span class='ocrx_word' id='word_1_23' title='bbox 991 513 1125 568; x_wconf 88' lang='lat' dir='ltr'>fidei,</span> <span class='ocrx_word' id='word_1_24' title='bbox 1162 513 1282 577; x_wconf 91' lang='lat' dir='ltr'>quia</span> <span class='ocrx_word' id='word_1_25' title='bbox 1316 514 1431 562; x_wconf 89' lang='lat' dir='ltr'>talis</span> <span class='ocrx_word' id='word_1_26' title='bbox 1468 514 1654 561; x_wconf 88' lang='lat' dir='ltr'>Comes</span> <span class='ocrx_word' id='word_1_27' title='bbox 1695 519 1773 560; x_wconf 90' lang='lat' dir='ltr'>est</span> <span class='ocrx_word' id='word_1_28' title='bbox 1813 528 2031 576; x_wconf 85' lang='lat' dir='ltr'>magnus</span> 
     </span>
     <span class='ocr_line' id='line_1_5' title="bbox 437 578 2032 642; baseline -0.001 -14"><span class='ocrx_word' id='word_1_29' title='bbox 437 581 609 628; x_wconf 80' lang='lat' dir='ltr'><strong>fautor</strong></span> <span class='ocrx_word' id='word_1_30' title='bbox 652 579 895 627; x_wconf 88' lang='lat' dir='ltr'>Iohannis</span> <span class='ocrx_word' id='word_1_31' title='bbox 939 580 1002 627; x_wconf 85' lang='lat' dir='ltr'>R.</span> <span class='ocrx_word' id='word_1_32' title='bbox 1077 580 1215 636; x_wconf 84' lang='lat' dir='ltr'>Quia</span> <span class='ocrx_word' id='word_1_33' title='bbox 1250 581 1380 628; x_wconf 93' lang='lat' dir='ltr'>dixit</span> <span class='ocrx_word' id='word_1_34' title='bbox 1421 579 1546 627; x_wconf 90' lang='lat' dir='ltr'>mihi</span> <span class='ocrx_word' id='word_1_35' title='bbox 1586 578 1795 642; x_wconf 90' lang='lat' dir='ltr'>quidam</span> <span class='ocrx_word' id='word_1_36' title='bbox 1833 579 2032 627; x_wconf 90' lang='lat' dir='ltr'>Curtis-</span> 
     </span>
     <span class='ocr_line' id='line_1_6' title="bbox 439 646 2031 710; baseline -0.001 -16"><span class='ocrx_word' id='word_1_37' title='bbox 439 664 580 704; x_wconf 87' lang='lat' dir='ltr'>anus,</span> <span class='ocrx_word' id='word_1_38' title='bbox 618 647 756 710; x_wconf 91' lang='lat' dir='ltr'>quod</span> <span class='ocrx_word' id='word_1_39' title='bbox 798 646 1004 709; x_wconf 87' lang='lat' dir='ltr'>quando</span> <span class='ocrx_word' id='word_1_40' title='bbox 1045 664 1107 694; x_wconf 92' lang='lat' dir='ltr'>ex</span> <span class='ocrx_word' id='word_1_41' title='bbox 1151 647 1364 695; x_wconf 91' lang='lat' dir='ltr'>Colonia</span> <span class='ocrx_word' id='word_1_42' title='bbox 1404 646 1496 694; x_wconf 89' lang='lat' dir='ltr'>ivit</span> <span class='ocrx_word' id='word_1_43' title='bbox 1538 646 1601 692; x_wconf 86' lang='lat' dir='ltr'>ad</span> <span class='ocrx_word' id='word_1_44' title='bbox 1646 646 1868 702; x_wconf 89' lang='lat' dir='ltr'>Italiam,</span> <span class='ocrx_word' id='word_1_45' title='bbox 1905 653 2031 694; x_wconf 91' lang='lat' dir='ltr'>tunc</span> 
     </span>
     <span class='ocr_line' id='line_1_7' title="bbox 439 712 2026 778; baseline -0.001 -17"><span class='ocrx_word' id='word_1_46' title='bbox 439 714 545 778; x_wconf 91' lang='lat' dir='ltr'>ipse</span> <span class='ocrx_word' id='word_1_47' title='bbox 603 713 746 761; x_wconf 91' lang='lat' dir='ltr'>dedit</span> <span class='ocrx_word' id='word_1_48' title='bbox 803 713 848 760; x_wconf 92' lang='lat' dir='ltr'>ei</span> <span class='ocrx_word' id='word_1_49' title='bbox 906 730 1063 761; x_wconf 91' lang='lat' dir='ltr'>unam</span> <span class='ocrx_word' id='word_1_50' title='bbox 1122 714 1425 778; x_wconf 87' lang='lat' dir='ltr'>Epistolam‚</span> <span class='ocrx_word' id='word_1_51' title='bbox 1474 730 1631 777; x_wconf 88' lang='lat' dir='ltr'>quam</span> <span class='ocrx_word' id='word_1_52' title='bbox 1677 712 1904 777; x_wconf 88' lang='lat' dir='ltr'>portavit</span> <span class='ocrx_word' id='word_1_53' title='bbox 1952 713 2026 760; x_wconf 91' lang='lat' dir='ltr'>Io.</span> 
     </span>
     <span class='ocr_line' id='line_1_8' title="bbox 440 780 2031 845; baseline -0.001 -17"><span class='ocrx_word' id='word_1_54' title='bbox 440 780 727 837; x_wconf 81' lang='lat' dir='ltr'>Reuchlin3</span> <span class='ocrx_word' id='word_1_55' title='bbox 781 787 834 827; x_wconf 90' lang='lat' dir='ltr'>et</span> <span class='ocrx_word' id='word_1_56' title='bbox 874 780 1045 828; x_wconf 85' lang='lat' dir='ltr'>audivi</span> <span class='ocrx_word' id='word_1_57' title='bbox 1092 782 1154 828; x_wconf 88' lang='lat' dir='ltr'>ab</span> <span class='ocrx_word' id='word_1_58' title='bbox 1196 781 1301 829; x_wconf 85' lang='lat' dir='ltr'>aliis</span> <span class='ocrx_word' id='word_1_59' title='bbox 1344 780 1482 845; x_wconf 92' lang='lat' dir='ltr'>quod</span> <span class='ocrx_word' id='word_1_60' title='bbox 1529 780 1684 827; x_wconf 85' lang='lat' dir='ltr'>habet</span> <span class='ocrx_word' id='word_1_61' title='bbox 1731 780 2031 828; x_wconf 88' lang='lat' dir='ltr'>societatem</span> 
     </span>
     <span class='ocr_line' id='line_1_9' title="bbox 368 847 2031 912; baseline 0.002 -21"><span class='ocrx_word' id='word_1_62' title='bbox 368 862 406 892; x_wconf 82' lang='lat'>35</span> <span class='ocrx_word' id='word_1_63' title='bbox 441 865 560 896; x_wconf 87' lang='lat' dir='ltr'>cum</span> <span class='ocrx_word' id='word_1_64' title='bbox 585 847 760 894; x_wconf 90' lang='lat' dir='ltr'>multis</span> <span class='ocrx_word' id='word_1_65' title='bbox 785 847 950 911; x_wconf 88' lang='lat' dir='ltr'>poetis</span> <span class='ocrx_word' id='word_1_66' title='bbox 975 854 1028 896; x_wconf 89' lang='lat' dir='ltr'>et</span> <span class='ocrx_word' id='word_1_67' title='bbox 1051 847 1195 896; x_wconf 88' lang='lat' dir='ltr'>novis</span> <span class='ocrx_word' id='word_1_68' title='bbox 1228 848 1502 912; x_wconf 85' lang='lat' dir='ltr'>Theologis</span> <span class='ocrx_word' id='word_1_69' title='bbox 1528 847 1660 894; x_wconf 90' lang='lat' dir='ltr'>sicut</span> <span class='ocrx_word' id='word_1_70' title='bbox 1684 853 1761 894; x_wconf 91' lang='lat' dir='ltr'>est</span> <span class='ocrx_word' id='word_1_71' title='bbox 1786 847 2031 894; x_wconf 86' lang='lat' dir='ltr'>Erasmus</span> 
     </span>
     <span class='ocr_line' id='line_1_10' title="bbox 443 913 2031 979; baseline 0 -17"><span class='ocrx_word' id='word_1_72' title='bbox 443 915 802 962; x_wconf 85' lang='lat' dir='ltr'>Roterdamus.</span> <span class='ocrx_word' id='word_1_73' title='bbox 877 915 1101 971; x_wconf 79' lang='lat' dir='ltr'>Quando</span> <span class='ocrx_word' id='word_1_74' title='bbox 1137 932 1233 979; x_wconf 83' lang='lat' dir='ltr'>ego</span> <span class='ocrx_word' id='word_1_75' title='bbox 1268 915 1343 962; x_wconf 89' lang='lat' dir='ltr'>fui</span> <span class='ocrx_word' id='word_1_76' title='bbox 1378 915 1430 962; x_wconf 92' lang='lat' dir='ltr'>in</span> <span class='ocrx_word' id='word_1_77' title='bbox 1469 913 1756 978; x_wconf 85' lang='lat' dir='ltr'>Herbipoli‚</span> <span class='ocrx_word' id='word_1_78' title='bbox 1781 920 1906 961; x_wconf 89' lang='lat' dir='ltr'>tunc</span> <span class='ocrx_word' id='word_1_79' title='bbox 1930 914 2031 963; x_wconf 86' lang='lat' dir='ltr'>fuit</span> 
     </span>
     <span class='ocr_line' id='line_1_11' title="bbox 441 980 2033 1055; baseline 0 -27"><span class='ocrx_word' id='word_1_80' title='bbox 441 998 574 1029; x_wconf 92' lang='lat' dir='ltr'>unus</span> <span class='ocrx_word' id='word_1_81' title='bbox 610 987 762 1045; x_wconf 90' lang='lat' dir='ltr'>poeta</span> <span class='ocrx_word' id='word_1_82' title='bbox 797 980 886 1044; x_wconf 91' lang='lat' dir='ltr'>qui</span> <span class='ocrx_word' id='word_1_83' title='bbox 922 988 1134 1030; x_wconf 88' lang='lat' dir='ltr'>vocatur</span> <span class='ocrx_word' id='word_1_84' title='bbox 1171 983 1377 1030; x_wconf 89' lang='lat' dir='ltr'>Ulricus</span> <span class='ocrx_word' id='word_1_85' title='bbox 1421 982 1668 1028; x_wconf 92' lang='lat' dir='ltr'>Hutenus</span> <span class='ocrx_word' id='word_1_86' title='bbox 1704 980 1793 1044; x_wconf 89' lang='lat' dir='ltr'>qui</span> <span class='ocrx_word' id='word_1_87' title='bbox 1836 998 2033 1055; x_wconf 80' lang='lat' dir='ltr'>semper</span> 
     </span>
     <span class='ocr_line' id='line_1_12' title="bbox 441 1048 2033 1113; baseline 0 -17"><span class='ocrx_word' id='word_1_88' title='bbox 441 1049 572 1096; x_wconf 80' lang='lat' dir='ltr'>iidet</span> <span class='ocrx_word' id='word_1_89' title='bbox 619 1055 671 1095; x_wconf 88' lang='lat' dir='ltr'>et</span> <span class='ocrx_word' id='word_1_90' title='bbox 718 1054 872 1095; x_wconf 86' lang='lat' dir='ltr'>vexat</span> <span class='ocrx_word' id='word_1_91' title='bbox 919 1048 1177 1113; x_wconf 83' lang='lat' dir='ltr'>Thologos</span> <span class='ocrx_word' id='word_1_92' title='bbox 1224 1056 1277 1097; x_wconf 93' lang='lat' dir='ltr'>et</span> <span class='ocrx_word' id='word_1_93' title='bbox 1326 1049 1602 1112; x_wconf 77' lang='lat' dir='ltr'>Magistros</span> <span class='ocrx_word' id='word_1_94' title='bbox 1649 1048 1866 1096; x_wconf 85' lang='lat' dir='ltr'>artium:</span> <span class='ocrx_word' id='word_1_95' title='bbox 1926 1065 2033 1113; x_wconf 85' lang='lat' dir='ltr'>lpse</span> 
     </span>
     <span class='ocr_line' id='line_1_13' title="bbox 441 1114 2032 1180; baseline -0.001 -17"><span class='ocrx_word' id='word_1_96' title='bbox 441 1116 572 1163; x_wconf 89' lang='lat' dir='ltr'>dixit</span> <span class='ocrx_word' id='word_1_97' title='bbox 619 1115 671 1162; x_wconf 92' lang='lat' dir='ltr'>in</span> <span class='ocrx_word' id='word_1_98' title='bbox 718 1131 893 1162; x_wconf 89' lang='lat' dir='ltr'>mensa</span> <span class='ocrx_word' id='word_1_99' title='bbox 938 1116 991 1163; x_wconf 92' lang='lat' dir='ltr'>in</span> <span class='ocrx_word' id='word_1_100' title='bbox 1037 1133 1141 1164; x_wconf 94' lang='lat' dir='ltr'>uno</span> <span class='ocrx_word' id='word_1_101' title='bbox 1188 1116 1409 1180; x_wconf 89' lang='lat' dir='ltr'>hospitio</span> <span class='ocrx_word' id='word_1_102' title='bbox 1456 1116 1520 1162; x_wconf 90' lang='lat' dir='ltr'>ad</span> <span class='ocrx_word' id='word_1_103' title='bbox 1568 1115 1826 1179; x_wconf 88' lang='lat' dir='ltr'>quendam</span> <span class='ocrx_word' id='word_1_104' title='bbox 1873 1114 2032 1162; x_wconf 88' lang='lat' dir='ltr'>alium</span> 
     </span>
     <span class='ocr_line' id='line_1_14' title="bbox 369 1182 2032 1247; baseline 0.001 -19"><span class='ocrx_word' id='word_1_105' title='bbox 369 1199 407 1228; x_wconf 87' lang='lat'>40</span> <span class='ocrx_word' id='word_1_106' title='bbox 442 1182 779 1237; x_wconf 87' lang='lat' dir='ltr'>nobilitarem,</span> <span class='ocrx_word' id='word_1_107' title='bbox 823 1183 963 1246; x_wconf 92' lang='lat' dir='ltr'>quod</span> <span class='ocrx_word' id='word_1_108' title='bbox 1005 1183 1057 1229; x_wconf 93' lang='lat' dir='ltr'>in</span> <span class='ocrx_word' id='word_1_109' title='bbox 1099 1183 1185 1230; x_wconf 92' lang='lat' dir='ltr'>illo</span> <span class='ocrx_word' id='word_1_110' title='bbox 1227 1183 1307 1231; x_wconf 91' lang='lat' dir='ltr'>die</span> <span class='ocrx_word' id='word_1_111' title='bbox 1349 1182 1548 1247; x_wconf 79' lang='lat' dir='ltr'>scripsit</span> <span class='ocrx_word' id='word_1_112' title='bbox 1596 1199 1753 1229; x_wconf 90' lang='lat' dir='ltr'>unam</span> <span class='ocrx_word' id='word_1_113' title='bbox 1800 1182 1927 1229; x_wconf 68' lang='lat' dir='ltr'>li‘am</span> <span class='ocrx_word' id='word_1_114' title='bbox 1968 1183 2032 1229; x_wconf 88' lang='lat' dir='ltr'>ad</span> 
     </span>
     <span class='ocr_line' id='line_1_15' title="bbox 440 1249 2032 1315; baseline 0 -19"><span class='ocrx_word' id='word_1_115' title='bbox 440 1249 587 1296; x_wconf 91' lang='lat' dir='ltr'>illum</span> <span class='ocrx_word' id='word_1_116' title='bbox 614 1249 889 1296; x_wconf 88' lang='lat' dir='ltr'>Comitem.</span> <span class='ocrx_word' id='word_1_117' title='bbox 951 1250 1099 1297; x_wconf 89' lang='lat' dir='ltr'>Tunc</span> <span class='ocrx_word' id='word_1_118' title='bbox 1125 1249 1383 1315; x_wconf 87' lang='lat' dir='ltr'>respondit</span> <span class='ocrx_word' id='word_1_119' title='bbox 1408 1250 1492 1297; x_wconf 94' lang='lat' dir='ltr'>ille</span> <span class='ocrx_word' id='word_1_120' title='bbox 1516 1249 1826 1297; x_wconf 88' lang='lat' dir='ltr'>nobilitaris:</span> <span class='ocrx_word' id='word_1_121' title='bbox 1863 1257 1891 1276; x_wconf 78' lang='lat'>‘⁶</span> <span class='ocrx_word' id='word_1_122' title='bbox 1909 1249 2032 1313; x_wconf 90' lang='lat' dir='ltr'>quid</span> 
     </span>
     <span class='ocr_line' id='line_1_16' title="bbox 440 1316 2030 1391; baseline 0 -28"><span class='ocrx_word' id='word_1_123' title='bbox 440 1323 615 1363; x_wconf 90' lang='lat' dir='ltr'>tamen</span> <span class='ocrx_word' id='word_1_124' title='bbox 641 1316 870 1371; x_wconf 87' lang='lat' dir='ltr'>scribitis,</span> <span class='ocrx_word' id='word_1_125' title='bbox 898 1318 1103 1391; x_wconf 80' lang='lat' dir='ltr'>quando</span> <span class='ocrx_word' id='word_1_126' title='bbox 1129 1317 1197 1365; x_wconf 91' lang='lat' dir='ltr'>sic</span> <span class='ocrx_word' id='word_1_127' title='bbox 1223 1316 1438 1364; x_wconf 86' lang='lat' dir='ltr'>scribitis</span> <span class='ocrx_word' id='word_1_128' title='bbox 1464 1317 1528 1364; x_wconf 87' lang='lat' dir='ltr'>ad</span> <span class='ocrx_word' id='word_1_129' title='bbox 1561 1316 1781 1363; x_wconf 84' lang='lat' dir='ltr'>invicem</span> <span class='ocrx_word' id='word_1_130' title='bbox 1800 1319 1816 1364; x_wconf 65' lang='lat'>3</span> <span class='ocrx_word' id='word_1_131' title='bbox 1834 1317 1857 1333; x_wconf 88' lang='lat'>”</span> <span class='ocrx_word' id='word_1_132' title='bbox 1929 1316 2030 1364; x_wconf 89' lang='lat' dir='ltr'>Re-</span> 
     </span>
     <span class='ocr_line' id='line_1_17' title="bbox 441 1383 2033 1448; baseline -0.001 -17"><span class='ocrx_word' id='word_1_133' title='bbox 441 1383 646 1446; x_wconf 89' lang='lat' dir='ltr'>spondit</span> <span class='ocrx_word' id='word_1_134' title='bbox 670 1383 770 1439; x_wconf 84' lang='lat' dir='ltr'>ille,</span> <span class='ocrx_word' id='word_1_135' title='bbox 796 1384 935 1446; x_wconf 93' lang='lat' dir='ltr'>quod</span> <span class='ocrx_word' id='word_1_136' title='bbox 959 1384 1154 1447; x_wconf 72' lang='lat' dir='ltr'>scripsit</span> <span class='ocrx_word' id='word_1_137' title='bbox 1179 1384 1238 1439; x_wconf 87' lang='lat' dir='ltr'>ei,</span> <span class='ocrx_word' id='word_1_138' title='bbox 1264 1384 1403 1448; x_wconf 92' lang='lat' dir='ltr'>quod</span> <span class='ocrx_word' id='word_1_139' title='bbox 1428 1384 1581 1431; x_wconf 94' lang='lat' dir='ltr'>debet</span> <span class='ocrx_word' id='word_1_140' title='bbox 1604 1383 1768 1431; x_wconf 82' lang='lat' dir='ltr'>facere</span> <span class='ocrx_word' id='word_1_141' title='bbox 1793 1400 2033 1448; x_wconf 83' lang='lat' dir='ltr'>magnam</span> 
     </span>
     <span class='ocr_line' id='line_1_18' title="bbox 442 1449 2031 1515; baseline 0.001 -18"><span class='ocrx_word' id='word_1_142' title='bbox 442 1449 797 1513; x_wconf 85' lang='lat' dir='ltr'>diligentiam</span> <span class='ocrx_word' id='word_1_143' title='bbox 786 1467 838 1497; x_wconf 93' lang='lat' dir='ltr'>1n</span> <span class='ocrx_word' id='word_1_144' title='bbox 865 1467 1014 1497; x_wconf 86' lang='lat' dir='ltr'>causa</span> <span class='ocrx_word' id='word_1_145' title='bbox 1038 1451 1170 1506; x_wconf 88' lang='lat' dir='ltr'>fidei,</span> <span class='ocrx_word' id='word_1_146' title='bbox 1197 1457 1248 1498; x_wconf 90' lang='lat' dir='ltr'>et</span> <span class='ocrx_word' id='word_1_147' title='bbox 1273 1452 1425 1499; x_wconf 89' lang='lat' dir='ltr'>debet</span> <span class='ocrx_word' id='word_1_148' title='bbox 1451 1451 1678 1498; x_wconf 83' lang='lat' dir='ltr'>laboiare</span> <span class='ocrx_word' id='word_1_149' title='bbox 1709 1467 1801 1515; x_wconf 91' lang='lat' dir='ltr'>pro</span> <span class='ocrx_word' id='word_1_150' title='bbox 1826 1451 2031 1498; x_wconf 89' lang='lat' dir='ltr'>Reuch-</span> 
     </span>
     <span class='ocr_line' id='line_1_19' title="bbox 370 1517 2032 1583; baseline 0 -19"><span class='ocrx_word' id='word_1_151' title='bbox 370 1530 408 1560; x_wconf 83' lang='lat'>45</span> <span class='ocrx_word' id='word_1_152' title='bbox 441 1517 513 1565; x_wconf 94' lang='lat' dir='ltr'>lin</span> <span class='ocrx_word' id='word_1_153' title='bbox 538 1518 716 1565; x_wconf 82' lang='lat' dir='ltr'>cOntra</span> <span class='ocrx_word' id='word_1_154' title='bbox 742 1517 1048 1581; x_wconf 80' lang='lat' dir='ltr'>Theologos‚</span> <span class='ocrx_word' id='word_1_155' title='bbox 1075 1534 1138 1564; x_wconf 91' lang='lat' dir='ltr'>ne</span> <span class='ocrx_word' id='word_1_156' title='bbox 1165 1518 1470 1565; x_wconf 84' lang='lat' dir='ltr'>comburant</span> <span class='ocrx_word' id='word_1_157' title='bbox 1496 1518 1775 1583; x_wconf 88' lang='lat' dir='ltr'>Speculum</span> <span class='ocrx_word' id='word_1_158' title='bbox 1800 1517 2032 1574; x_wconf 83' lang='lat' dir='ltr'>oculare3</span> 
     </span>
     <span class='ocr_line' id='line_1_20' title="bbox 442 1584 2032 1648; baseline -0.001 -16"><span class='ocrx_word' id='word_1_159' title='bbox 442 1591 493 1632; x_wconf 90' lang='lat' dir='ltr'>et</span> <span class='ocrx_word' id='word_1_160' title='bbox 517 1584 656 1648; x_wconf 89' lang='lat' dir='ltr'>quod</span> <span class='ocrx_word' id='word_1_161' title='bbox 693 1584 918 1631; x_wconf 93' lang='lat' dir='ltr'>multum</span> <span class='ocrx_word' id='word_1_162' title='bbox 945 1585 1326 1633; x_wconf 87' lang='lat' dir='ltr'>commendavit</span> <span class='ocrx_word' id='word_1_163' title='bbox 1359 1585 1403 1632; x_wconf 91' lang='lat' dir='ltr'>ei</span> <span class='ocrx_word' id='word_1_164' title='bbox 1439 1585 1726 1632; x_wconf 89' lang='lat' dir='ltr'>Iohannem</span> <span class='ocrx_word' id='word_1_165' title='bbox 1761 1584 2032 1640; x_wconf 88' lang='lat' dir='ltr'>Reuchlin‚</span> 
     </span>
     <span class='ocr_line' id='line_1_21' title="bbox 442 1649 2033 1716; baseline -0.001 -17"><span class='ocrx_word' id='word_1_166' title='bbox 442 1658 495 1699; x_wconf 90' lang='lat' dir='ltr'>et</span> <span class='ocrx_word' id='word_1_167' title='bbox 518 1649 649 1698; x_wconf 86' lang='lat' dir='ltr'>dixit</span> <span class='ocrx_word' id='word_1_168' title='bbox 678 1651 817 1715; x_wconf 92' lang='lat' dir='ltr'>quod</span> <span class='ocrx_word' id='word_1_169' title='bbox 849 1658 989 1699; x_wconf 90' lang='lat' dir='ltr'>amat</span> <span class='ocrx_word' id='word_1_170' title='bbox 1020 1652 1092 1699; x_wconf 92' lang='lat' dir='ltr'>Io.</span> <span class='ocrx_word' id='word_1_171' title='bbox 1123 1652 1186 1699; x_wconf 85' lang='lat' dir='ltr'>R.</span> <span class='ocrx_word' id='word_1_172' title='bbox 1214 1658 1464 1716; x_wconf 88' lang='lat' dir='ltr'>tanquam</span> <span class='ocrx_word' id='word_1_173' title='bbox 1493 1659 1693 1716; x_wconf 89' lang='lat' dir='ltr'>patrem</span> <span class='ocrx_word' id='word_1_174' title='bbox 1722 1668 1885 1699; x_wconf 90' lang='lat' dir='ltr'>suum.</span> <span class='ocrx_word' id='word_1_175' title='bbox 1961 1651 2033 1698; x_wconf 93' lang='lat' dir='ltr'>Et</span> 
     </span>
     <span class='ocr_line' id='line_1_22' title="bbox 442 1718 2033 1782; baseline 0 -17"><span class='ocrx_word' id='word_1_176' title='bbox 442 1734 538 1782; x_wconf 83' lang='lat' dir='ltr'>ego</span> <span class='ocrx_word' id='word_1_177' title='bbox 579 1718 734 1774; x_wconf 89' lang='lat' dir='ltr'>tacui,</span> <span class='ocrx_word' id='word_1_178' title='bbox 777 1735 841 1766; x_wconf 92' lang='lat' dir='ltr'>ne</span> <span class='ocrx_word' id='word_1_179' title='bbox 882 1725 1085 1766; x_wconf 83' lang='lat' dir='ltr'>notaret</span> <span class='ocrx_word' id='word_1_180' title='bbox 1131 1720 1270 1782; x_wconf 91' lang='lat' dir='ltr'>quod</span> <span class='ocrx_word' id='word_1_181' title='bbox 1317 1737 1432 1768; x_wconf 88' lang='lat' dir='ltr'>sum</span> <span class='ocrx_word' id='word_1_182' title='bbox 1472 1720 1643 1767; x_wconf 86' lang='lat' dir='ltr'>fautor</span> <span class='ocrx_word' id='word_1_183' title='bbox 1689 1726 1869 1767; x_wconf 87' lang='lat' dir='ltr'>vester.</span> <span class='ocrx_word' id='word_1_184' title='bbox 1960 1718 2033 1765; x_wconf 93' lang='lat' dir='ltr'>Et</span> 
     </span>
     <span class='ocr_line' id='line_1_23' title="bbox 442 1785 2034 1849; baseline 0.001 -18"><span class='ocrx_word' id='word_1_185' title='bbox 442 1791 709 1849; x_wconf 88' lang='lat' dir='ltr'>propterea</span> <span class='ocrx_word' id='word_1_186' title='bbox 734 1785 848 1832; x_wconf 90' lang='lat' dir='ltr'>dico</span> <span class='ocrx_word' id='word_1_187' title='bbox 873 1785 1031 1841; x_wconf 88' lang='lat' dir='ltr'>vobis,</span> <span class='ocrx_word' id='word_1_188' title='bbox 1058 1786 1197 1849; x_wconf 92' lang='lat' dir='ltr'>quod</span> <span class='ocrx_word' id='word_1_189' title='bbox 1233 1803 1336 1834; x_wconf 92' lang='lat' dir='ltr'>non</span> <span class='ocrx_word' id='word_1_190' title='bbox 1362 1793 1438 1834; x_wconf 91' lang='lat' dir='ltr'>est</span> <span class='ocrx_word' id='word_1_191' title='bbox 1475 1787 1670 1834; x_wconf 92' lang='lat' dir='ltr'>bonum</span> <span class='ocrx_word' id='word_1_192' title='bbox 1696 1786 1735 1834; x_wconf 93' lang='lat' dir='ltr'>si</span> <span class='ocrx_word' id='word_1_193' title='bbox 1761 1787 1855 1834; x_wconf 85' lang='lat' dir='ltr'>iste</span> <span class='ocrx_word' id='word_1_194' title='bbox 1879 1786 2034 1833; x_wconf 92' lang='lat' dir='ltr'>debet</span> 
     </span>
     <span class='ocr_line' id='line_1_24' title="bbox 370 1852 2033 1916; baseline 0 -17"><span class='ocrx_word' id='word_1_195' title='bbox 370 1870 409 1899; x_wconf 84' lang='lat'>50</span> <span class='ocrx_word' id='word_1_196' title='bbox 442 1868 549 1899; x_wconf 89' lang='lat' dir='ltr'>esse</span> <span class='ocrx_word' id='word_1_197' title='bbox 574 1852 852 1916; x_wconf 88' lang='lat' dir='ltr'>episcopus.</span> <span class='ocrx_word' id='word_1_198' title='bbox 929 1852 1029 1900; x_wconf 90' lang='lat' dir='ltr'>Sed</span> <span class='ocrx_word' id='word_1_199' title='bbox 1062 1870 1208 1916; x_wconf 88' lang='lat' dir='ltr'>spero</span> <span class='ocrx_word' id='word_1_200' title='bbox 1232 1854 1370 1916; x_wconf 92' lang='lat' dir='ltr'>quod</span> <span class='ocrx_word' id='word_1_201' title='bbox 1395 1870 1497 1901; x_wconf 91' lang='lat' dir='ltr'>non</span> <span class='ocrx_word' id='word_1_202' title='bbox 1522 1859 1600 1901; x_wconf 90' lang='lat' dir='ltr'>est</span> <span class='ocrx_word' id='word_1_203' title='bbox 1625 1870 1817 1901; x_wconf 82' lang='lat' dir='ltr'>verum.</span> <span class='ocrx_word' id='word_1_204' title='bbox 1891 1852 2033 1916; x_wconf 85' lang='lat' dir='ltr'>Ergo</span> 
     </span>
     <span class='ocr_line' id='line_1_25' title="bbox 442 1918 2033 1984; baseline 0.001 -19"><span class='ocrx_word' id='word_1_205' title='bbox 442 1918 670 1966; x_wconf 89' lang='lat' dir='ltr'>scribatis</span> <span class='ocrx_word' id='word_1_206' title='bbox 703 1919 828 1966; x_wconf 90' lang='lat' dir='ltr'>mihi</span> <span class='ocrx_word' id='word_1_207' title='bbox 854 1919 1124 1967; x_wconf 84' lang='lat' dir='ltr'>veritatem</span> <span class='ocrx_word' id='word_1_208' title='bbox 1150 1926 1201 1967; x_wconf 85' lang='lat' dir='ltr'>et</span> <span class='ocrx_word' id='word_1_209' title='bbox 1227 1921 1276 1966; x_wconf 85' lang='lat' dir='ltr'>V</span> <span class='ocrx_word' id='word_1_210' title='bbox 1279 1921 1412 1968; x_wconf 89' lang='lat' dir='ltr'>alete</span> <span class='ocrx_word' id='word_1_211' title='bbox 1436 1938 1465 1968; x_wconf 87' lang='lat' dir='ltr'>a</span> <span class='ocrx_word' id='word_1_212' title='bbox 1497 1920 1672 1984; x_wconf 90' lang='lat' dir='ltr'>planta</span> <span class='ocrx_word' id='word_1_213' title='bbox 1704 1920 1846 1984; x_wconf 90' lang='lat' dir='ltr'>pedis</span> <span class='ocrx_word' id='word_1_214' title='bbox 1871 1936 2033 1983; x_wconf 90' lang='lat' dir='ltr'>usque</span> 
     </span>
     <span class='ocr_line' id='line_1_26' title="bbox 441 1986 1570 2049; baseline 0.002 -16"><span class='ocrx_word' id='word_1_215' title='bbox 441 1986 504 2033; x_wconf 91' lang='lat' dir='ltr'>ad</span> <span class='ocrx_word' id='word_1_216' title='bbox 530 1986 775 2033; x_wconf 82' lang='lat' dir='ltr'>verticem</span> <span class='ocrx_word' id='word_1_217' title='bbox 801 1986 991 2049; x_wconf 82' lang='lat' dir='ltr'>capitis,</span> <span class='ocrx_word' id='word_1_218' title='bbox 1061 1986 1206 2034; x_wconf 88' lang='lat' dir='ltr'>Sicut</span> <span class='ocrx_word' id='word_1_219' title='bbox 1231 1987 1354 2035; x_wconf 89' lang='lat' dir='ltr'>dicit</span> <span class='ocrx_word' id='word_1_220' title='bbox 1380 1987 1570 2035; x_wconf 89' lang='lat' dir='ltr'>Esaias.</span> 
     </span>
    </p>
   </div>
   <div class='ocr_carea' id='block_1_3' title="bbox 545 2068 2032 2522">
    <p class='ocr_par' dir='ltr' id='par_1_3' title="bbox 552 2068 1052 2107">
     <span class='ocr_line' id='line_1_27' title="bbox 552 2068 1052 2107; baseline 0.002 -2"><span class='ocrx_word' id='word_1_221' title='bbox 552 2068 701 2106; x_wconf 83' lang='lat' dir='ltr'>Datum</span> <span class='ocrx_word' id='word_1_222' title='bbox 725 2072 766 2106; x_wconf 90' lang='lat' dir='ltr'>in</span> <span class='ocrx_word' id='word_1_223' title='bbox 788 2069 902 2106; x_wconf 76' lang='lat' dir='ltr'>URBE</span> <span class='ocrx_word' id='word_1_224' title='bbox 924 2070 1052 2107; x_wconf 68' lang='lat' dir='ltr'>Rom.</span> 
     </span>
    </p>

    <p class='ocr_par' dir='ltr' id='par_1_4' title="bbox 545 2191 2032 2522">
     <span class='ocr_line' id='line_1_28' title="bbox 1159 2191 1304 2238; baseline 0 -1"><span class='ocrx_word' id='word_1_225' title='bbox 1159 2191 1304 2238; x_wconf 87' lang='lat' dir='ltr'>XXI</span> 
     </span>
     <span class='ocr_line' id='line_1_29' title="bbox 545 2322 1929 2373; baseline 0.001 -3"><span class='ocrx_word' id='word_1_226' title='bbox 545 2323 607 2370; x_wconf 68' lang='lat' dir='ltr'>(I</span> <span class='ocrx_word' id='word_1_227' title='bbox 644 2322 678 2368; x_wconf 91' lang='lat' dir='ltr'><em>I</em></span> <span class='ocrx_word' id='word_1_228' title='bbox 686 2322 853 2369; x_wconf 81' lang='grc' dir='ltr'>ΟΗΑ</span> <span class='ocrx_word' id='word_1_229' title='bbox 867 2323 1088 2370; x_wconf 78' lang='lat' dir='ltr'><em>NNES</em></span> <span class='ocrx_word' id='word_1_230' title='bbox 1119 2325 1189 2371; x_wconf 89' lang='lat' dir='ltr'><em>H</em></span> <span class='ocrx_word' id='word_1_231' title='bbox 1190 2325 1451 2373; x_wconf 85' lang='lat' dir='ltr'><em>OLCOT</em></span> <span class='ocrx_word' id='word_1_232' title='bbox 1484 2325 1560 2372; x_wconf 82' lang='lat' dir='ltr'>M.</span> <span class='ocrx_word' id='word_1_233' title='bbox 1605 2325 1820 2373; x_wconf 70' lang='lat' dir='ltr'>Ortviwo</span> <span class='ocrx_word' id='word_1_234' title='bbox 1860 2324 1929 2372; x_wconf 82' lang='lat' dir='ltr'>G.</span> 
     </span>
     <span class='ocr_line' id='line_1_30' title="bbox 553 2455 2032 2522; baseline 0.001 -20"><span class='ocrx_word' id='word_1_235' title='bbox 553 2455 1185 2504; x_wconf 81' lang='lat' dir='ltr'>MICABILITATEM</span> <span class='ocrx_word' id='word_1_236' title='bbox 1234 2475 1325 2522; x_wconf 88' lang='lat' dir='ltr'>pro</span> <span class='ocrx_word' id='word_1_237' title='bbox 1374 2458 1550 2506; x_wconf 86' lang='lat' dir='ltr'>salute.</span> <span class='ocrx_word' id='word_1_238' title='bbox 1627 2458 1899 2505; x_wconf 85' lang='lat' dir='ltr'>Excellens</span> <span class='ocrx_word' id='word_1_239' title='bbox 1941 2458 2032 2514; x_wconf 86' lang='lat' dir='ltr'>vir,</span> 
     </span>
    </p>
   </div>
   <div class='ocr_carea' id='block_1_4' title="bbox 393 2523 2038 2923">
    <p class='ocr_par' dir='ltr' id='par_1_5' title="bbox 393 2523 2038 2923">
     <span class='ocr_line' id='line_1_31' title="bbox 454 2523 2034 2588; baseline 0.001 -18"><span class='ocrx_word' id='word_1_240' title='bbox 454 2542 486 2570; x_wconf 60' lang='grc'>1</span> <span class='ocrx_word' id='word_1_241' title='bbox 585 2523 754 2586; x_wconf 89' lang='lat' dir='ltr'>accepi</span> <span class='ocrx_word' id='word_1_242' title='bbox 789 2523 916 2569; x_wconf 65' lang='lat' dir='ltr'>Iram</span> <span class='ocrx_word' id='word_1_243' title='bbox 943 2530 1162 2571; x_wconf 86' lang='lat' dir='ltr'>vestram</span> <span class='ocrx_word' id='word_1_244' title='bbox 1199 2541 1355 2587; x_wconf 87' lang='lat' dir='ltr'>quam</span> <span class='ocrx_word' id='word_1_245' title='bbox 1386 2525 1696 2588; x_wconf 87' lang='lat' dir='ltr'>compilastis</span> <span class='ocrx_word' id='word_1_246' title='bbox 1728 2525 1780 2571; x_wconf 90' lang='lat' dir='ltr'>in</span> <span class='ocrx_word' id='word_1_247' title='bbox 1811 2524 1951 2572; x_wconf 83' lang='lat' dir='ltr'>Colo.</span> <span class='ocrx_word' id='word_1_248' title='bbox 1981 2531 2034 2572; x_wconf 93' lang='lat' dir='ltr'>et</span> 
     </span>
     <span class='ocr_line' id='line_1_32' title="bbox 446 2589 2032 2655; baseline 0.001 -18"><span class='ocrx_word' id='word_1_249' title='bbox 446 2589 634 2637; x_wconf 88' lang='lat' dir='ltr'>notetis</span> <span class='ocrx_word' id='word_1_250' title='bbox 655 2589 793 2653; x_wconf 92' lang='lat' dir='ltr'>quod</span> <span class='ocrx_word' id='word_1_251' title='bbox 812 2589 925 2637; x_wconf 84' lang='lat' dir='ltr'>talis</span> <span class='ocrx_word' id='word_1_252' title='bbox 945 2590 1017 2637; x_wconf 65' lang='lat' dir='ltr'>lfa</span> <span class='ocrx_word' id='word_1_253' title='bbox 1037 2591 1135 2637; x_wconf 88' lang='lat' dir='ltr'>fuit</span> <span class='ocrx_word' id='word_1_254' title='bbox 1152 2591 1426 2655; x_wconf 84' lang='lat' dir='ltr'>compilata</span> <span class='ocrx_word' id='word_1_255' title='bbox 1441 2591 1492 2638; x_wconf 92' lang='lat' dir='ltr'>in</span> <span class='ocrx_word' id='word_1_256' title='bbox 1508 2592 1588 2639; x_wconf 93' lang='lat' dir='ltr'>die</span> <span class='ocrx_word' id='word_1_257' title='bbox 1604 2609 1639 2639; x_wconf 88' lang='lat' dir='ltr'>s.</span> <span class='ocrx_word' id='word_1_258' title='bbox 1660 2591 2032 2655; x_wconf 71' lang='lat' dir='ltr'>Malgerethae,</span> 
     </span>
     <span class='ocr_line' id='line_1_33' title="bbox 393 2656 2034 2722; baseline 0.001 -19"><span class='ocrx_word' id='word_1_259' title='bbox 393 2674 412 2703; x_wconf 87' lang='lat'>5</span> <span class='ocrx_word' id='word_1_260' title='bbox 446 2663 498 2704; x_wconf 93' lang='lat' dir='ltr'>et</span> <span class='ocrx_word' id='word_1_261' title='bbox 522 2673 618 2720; x_wconf 84' lang='lat' dir='ltr'>ego</span> <span class='ocrx_word' id='word_1_262' title='bbox 643 2656 811 2721; x_wconf 92' lang='lat' dir='ltr'>accepi</span> <span class='ocrx_word' id='word_1_263' title='bbox 837 2673 949 2703; x_wconf 85' lang='lat' dir='ltr'>eam</span> <span class='ocrx_word' id='word_1_264' title='bbox 975 2658 1025 2703; x_wconf 91' lang='lat' dir='ltr'>in</span> <span class='ocrx_word' id='word_1_265' title='bbox 1051 2657 1132 2705; x_wconf 87' lang='lat' dir='ltr'>die</span> <span class='ocrx_word' id='word_1_266' title='bbox 1157 2675 1191 2704; x_wconf 89' lang='grc'>3.</span> <span class='ocrx_word' id='word_1_267' title='bbox 1222 2659 1478 2706; x_wconf 83' lang='lat' dir='ltr'>Bartholo.</span> <span class='ocrx_word' id='word_1_268' title='bbox 1501 2677 1511 2715; x_wconf 79' lang='lat'>3</span> <span class='ocrx_word' id='word_1_269' title='bbox 1548 2665 1599 2705; x_wconf 88' lang='lat' dir='ltr'>et</span> <span class='ocrx_word' id='word_1_270' title='bbox 1625 2659 1830 2722; x_wconf 83' lang='lat' dir='ltr'>quando</span> <span class='ocrx_word' id='word_1_271' title='bbox 1863 2658 2034 2722; x_wconf 90' lang='lat' dir='ltr'>accepi</span> 
     </span>
     <span class='ocr_line' id='line_1_34' title="bbox 447 2723 2034 2789; baseline 0.002 -20"><span class='ocrx_word' id='word_1_272' title='bbox 447 2740 576 2778; x_wconf 89' lang='lat' dir='ltr'>eam,</span> <span class='ocrx_word' id='word_1_273' title='bbox 613 2730 738 2771; x_wconf 82' lang='lat' dir='ltr'>tunc</span> <span class='ocrx_word' id='word_1_274' title='bbox 775 2723 880 2770; x_wconf 89' lang='lat' dir='ltr'>dixi</span> <span class='ocrx_word' id='word_1_275' title='bbox 908 2724 1002 2771; x_wconf 84' lang='lat' dir='ltr'>“O</span> <span class='ocrx_word' id='word_1_276' title='bbox 1041 2723 1254 2781; x_wconf 86' lang='lat' dir='ltr'>diabole,</span> <span class='ocrx_word' id='word_1_277' title='bbox 1280 2724 1376 2772; x_wconf 86' lang='lat' dir='ltr'>ista</span> <span class='ocrx_word' id='word_1_278' title='bbox 1411 2725 1482 2772; x_wconf 67' lang='lat' dir='ltr'>lfa</span> <span class='ocrx_word' id='word_1_279' title='bbox 1517 2725 1605 2772; x_wconf 92' lang='lat' dir='ltr'>diu</span> <span class='ocrx_word' id='word_1_280' title='bbox 1642 2732 1719 2773; x_wconf 89' lang='lat' dir='ltr'>est</span> <span class='ocrx_word' id='word_1_281' title='bbox 1756 2725 1955 2789; x_wconf 86' lang='lat' dir='ltr'>scripta,</span> <span class='ocrx_word' id='word_1_282' title='bbox 1982 2731 2034 2773; x_wconf 94' lang='lat' dir='ltr'>et</span> 
     </span>
     <span class='ocr_line' id='line_1_35' title="bbox 447 2790 2036 2856; baseline 0.003 -20"><span class='ocrx_word' id='word_1_283' title='bbox 447 2790 684 2838; x_wconf 91' lang='lat' dir='ltr'>dominus</span> <span class='ocrx_word' id='word_1_284' title='bbox 734 2790 982 2838; x_wconf 89' lang='lat' dir='ltr'>Ortvinus</span> <span class='ocrx_word' id='word_1_285' title='bbox 1034 2790 1330 2839; x_wconf 87' lang='lat' dir='ltr'>irascabitur</span> <span class='ocrx_word' id='word_1_286' title='bbox 1376 2791 1500 2840; x_wconf 90' lang='lat' dir='ltr'>mihi</span> <span class='ocrx_word' id='word_1_287' title='bbox 1547 2798 1599 2839; x_wconf 89' lang='lat' dir='ltr'>et</span> <span class='ocrx_word' id='word_1_288' title='bbox 1646 2798 1818 2856; x_wconf 89' lang='lat' dir='ltr'>potest</span> <span class='ocrx_word' id='word_1_289' title='bbox 1869 2792 2036 2840; x_wconf 92' lang='lat' dir='ltr'>dicere</span> 
     </span>
     <span class='ocr_line' id='line_1_36' title="bbox 447 2857 2038 2923; baseline 0.001 -19"><span class='ocrx_word' id='word_1_290' title='bbox 447 2857 653 2913; x_wconf 87' lang='lat' dir='ltr'>‘Quam</span> <span class='ocrx_word' id='word_1_291' title='bbox 697 2857 793 2905; x_wconf 86' lang='lat' dir='ltr'>iste</span> <span class='ocrx_word' id='word_1_292' title='bbox 834 2864 911 2905; x_wconf 88' lang='lat' dir='ltr'>est</span> <span class='ocrx_word' id='word_1_293' title='bbox 960 2859 1219 2921; x_wconf 79' lang='lat' dir='ltr'>superbus‚</span> <span class='ocrx_word' id='word_1_294' title='bbox 1260 2865 1312 2906; x_wconf 89' lang='lat' dir='ltr'>et</span> <span class='ocrx_word' id='word_1_295' title='bbox 1349 2875 1453 2906; x_wconf 92' lang='lat' dir='ltr'>non</span> <span class='ocrx_word' id='word_1_296' title='bbox 1501 2860 1775 2923; x_wconf 90' lang='lat' dir='ltr'>respondet</span> <span class='ocrx_word' id='word_1_297' title='bbox 1811 2858 2038 2906; x_wconf 85' lang='lat' dir='ltr'>mihi!”’</span> 
     </span>
    </p>
   </div>
   <div class='ocr_carea' id='block_1_5' title="bbox 447 2958 2038 3192">
    <p class='ocr_par' dir='ltr' id='par_1_6' title="bbox 494 2958 2038 3005">
     <span class='ocr_line' id='line_1_37' title="bbox 494 2958 2038 3005; baseline 0.003 -13"><span class='ocrx_word' id='word_1_298' title='bbox 494 2958 521 2976; x_wconf 74' lang='lat'>³⁸</span> <span class='ocrx_word' id='word_1_299' title='bbox 543 2961 632 2993; x_wconf 71' lang='lat' dir='ltr'><em>Tho).</em></span> <span class='ocrx_word' id='word_1_300' title='bbox 683 2963 752 3002; x_wconf 63' lang='lat' dir='ltr'>Sic,</span> <span class='ocrx_word' id='word_1_301' title='bbox 772 2962 809 2993; x_wconf 85' lang='lat' dir='ltr'>in</span> <span class='ocrx_word' id='word_1_302' title='bbox 828 2959 904 3005; x_wconf 92' lang='lat' dir='ltr'>[D]</span> <span class='ocrx_word' id='word_1_303' title='bbox 1277 2961 1430 3005; x_wconf 75' lang='lat' dir='ltr'>English</span> <span class='ocrx_word' id='word_1_304' title='bbox 1473 2962 1705 3005; x_wconf 75' lang='lat' dir='ltr'>Dominican,</span> <span class='ocrx_word' id='word_1_305' title='bbox 1740 2964 1787 2997; x_wconf 84' lang='lat' dir='ltr'>ob.</span> <span class='ocrx_word' id='word_1_306' title='bbox 1827 2965 1938 3003; x_wconf 80' lang='lat'>13493</span> <span class='ocrx_word' id='word_1_307' title='bbox 1982 2963 2038 2997; x_wconf 89' lang='lat' dir='ltr'>his</span> 
     </span>
    </p>

    <p class='ocr_par' dir='ltr' id='par_1_7' title="bbox 447 3005 2035 3101">
     <span class='ocr_line' id='line_1_38' title="bbox 495 3005 2035 3054; baseline 0.003 -15"><span class='ocrx_word' id='word_1_308' title='bbox 495 3005 521 3023; x_wconf 73' lang='lat'>‘¹5</span> <span class='ocrx_word' id='word_1_309' title='bbox 541 3018 581 3040; x_wconf 77' lang='lat' dir='ltr'>nc</span> <span class='ocrx_word' id='word_1_310' title='bbox 610 3009 713 3040; x_wconf 79' lang='lat' dir='ltr'>eomb.</span> <span class='ocrx_word' id='word_1_311' title='bbox 768 3008 841 3041; x_wconf 74' lang='lat' dir='ltr'>But</span> <span class='ocrx_word' id='word_1_312' title='bbox 866 3008 930 3041; x_wconf 83' lang='lat' dir='ltr'>the</span> <span class='ocrx_word' id='word_1_313' title='bbox 962 3010 1212 3051; x_wconf 50' lang='lat' dir='ltr'>,layca-system!</span> <span class='ocrx_word' id='word_1_314' title='bbox 1275 3013 1527 3054; x_wconf 78' lang='lat' dir='ltr'>commentary</span> <span class='ocrx_word' id='word_1_315' title='bbox 1561 3021 1607 3042; x_wconf 84' lang='lat' dir='ltr'>on</span> <span class='ocrx_word' id='word_1_316' title='bbox 1643 3009 1762 3052; x_wconf 63' lang='lat' dir='ltr'>Prov„</span> <span class='ocrx_word' id='word_1_317' title='bbox 1798 3010 1918 3052; x_wconf 68' lang='lat' dir='ltr'>Cant.5</span> <span class='ocrx_word' id='word_1_318' title='bbox 1954 3009 2035 3052; x_wconf 55' lang='lat' dir='ltr'>dvc„</span> 
     </span>
     <span class='ocr_line' id='line_1_39' title="bbox 447 3052 1989 3101; baseline 0.003 -16"><span class='ocrx_word' id='word_1_319' title='bbox 447 3052 517 3085; x_wconf 82' lang='lat' dir='ltr'>had</span> <span class='ocrx_word' id='word_1_320' title='bbox 538 3053 629 3087; x_wconf 75' lang='lat' dir='ltr'>been</span> <span class='ocrx_word' id='word_1_321' title='bbox 649 3054 761 3087; x_wconf 79' lang='lat' dir='ltr'>bui-nt</span> <span class='ocrx_word' id='word_1_322' title='bbox 780 3054 862 3088; x_wconf 89' lang='lat' dir='ltr'>Feb.</span> <span class='ocrx_word' id='word_1_323' title='bbox 886 3056 942 3097; x_wconf 82' lang='grc'>10,</span> <span class='ocrx_word' id='word_1_324' title='bbox 965 3056 1063 3088; x_wconf 77' lang='lat'>1514.</span> <span class='ocrx_word' id='word_1_325' title='bbox 1274 3056 1454 3100; x_wconf 80' lang='lat' dir='ltr'>appeared</span> <span class='ocrx_word' id='word_1_326' title='bbox 1475 3057 1511 3089; x_wconf 83' lang='lat' dir='ltr'>in</span> <span class='ocrx_word' id='word_1_327' title='bbox 1531 3068 1640 3101; x_wconf 81' lang='lat' dir='ltr'>many</span> <span class='ocrx_word' id='word_1_328' title='bbox 1657 3056 1739 3090; x_wconf 86' lang='lat' dir='ltr'>edd.</span> <span class='ocrx_word' id='word_1_329' title='bbox 1785 3057 1845 3100; x_wconf 87' lang='lat' dir='ltr'>(D.</span> <span class='ocrx_word' id='word_1_330' title='bbox 1865 3056 1911 3090; x_wconf 88' lang='lat' dir='ltr'>N.</span> <span class='ocrx_word' id='word_1_331' title='bbox 1931 3056 1989 3099; x_wconf 92' lang='lat' dir='ltr'>B.)</span> 
     </span>
    </p>

    <p class='ocr_par' dir='ltr' id='par_1_8' title="bbox 494 3098 1678 3146">
     <span class='ocr_line' id='line_1_40' title="bbox 494 3098 1678 3146; baseline 0.001 -13"><span class='ocrx_word' id='word_1_332' title='bbox 494 3098 523 3116; x_wconf 81' lang='lat'>⁵²</span> <span class='ocrx_word' id='word_1_333' title='bbox 543 3102 688 3134; x_wconf 64' lang='lat' dir='ltr'>Esaias:</span> <span class='ocrx_word' id='word_1_334' title='bbox 714 3101 760 3134; x_wconf 89' lang='lat' dir='ltr'>ls.</span> <span class='ocrx_word' id='word_1_335' title='bbox 782 3103 800 3134; x_wconf 94' lang='lat' dir='ltr'>i.</span> <span class='ocrx_word' id='word_1_336' title='bbox 822 3104 852 3134; x_wconf 76' lang='lat'>(3.</span> <span class='ocrx_word' id='word_1_337' title='bbox 1323 3101 1335 3119; x_wconf 77' lang='lat'>⁴</span> <span class='ocrx_word' id='word_1_338' title='bbox 1355 3105 1489 3146; x_wconf 60' lang='lat' dir='ltr'>Mam..-</span> <span class='ocrx_word' id='word_1_339' title='bbox 1515 3102 1604 3139; x_wconf 75' lang='lat' dir='ltr'>Julv</span> <span class='ocrx_word' id='word_1_340' title='bbox 1624 3105 1678 3136; x_wconf 72' lang='lat'>⁴20.</span> 
     </span>
    </p>

    <p class='ocr_par' dir='ltr' id='par_1_9' title="bbox 495 3142 1696 3192">
     <span class='ocr_line' id='line_1_41' title="bbox 495 3142 1696 3192; baseline 0.005 -14"><span class='ocrx_word' id='word_1_341' title='bbox 495 3146 507 3164; x_wconf 83' lang='lat'>¹</span> <span class='ocrx_word' id='word_1_342' title='bbox 529 3148 654 3180; x_wconf 74' lang='lat' dir='ltr'>llolcot.</span> <span class='ocrx_word' id='word_1_343' title='bbox 716 3148 854 3181; x_wconf 74' lang='lat' dir='ltr'>Robert</span> <span class='ocrx_word' id='word_1_344' title='bbox 895 3148 936 3181; x_wconf 87' lang='lat' dir='ltr'>of</span> <span class='ocrx_word' id='word_1_345' title='bbox 976 3148 1020 3181; x_wconf 83' lang='lat' dir='ltr'>II.</span> <span class='ocrx_word' id='word_1_346' title='bbox 1053 3160 1121 3181; x_wconf 81' lang='lat' dir='ltr'>was</span> <span class='ocrx_word' id='word_1_347' title='bbox 1160 3160 1205 3181; x_wconf 84' lang='lat' dir='ltr'>an</span> <span class='ocrx_word' id='word_1_348' title='bbox 1321 3149 1332 3166; x_wconf 78' lang='lat'>⁵</span> <span class='ocrx_word' id='word_1_349' title='bbox 1356 3151 1498 3184; x_wconf 55' lang='lat' dir='ltr'>h&#39;arlln:</span> <span class='ocrx_word' id='word_1_350' title='bbox 1525 3142 1619 3192; x_wconf 55' lang='lat' dir='ltr'>Au&#39;g.</span> <span class='ocrx_word' id='word_1_351' title='bbox 1641 3151 1696 3184; x_wconf 73' lang='lat'>24.</span> 
     </span>
    </p>
   </div>
   <div class='ocr_carea' id='block_1_6' title="bbox 1207 3209 1299 3255">
    <p class='ocr_par' dir='ltr' id='par_1_10' title="bbox 1207 3209 1299 3255">
     <span class='ocr_line' id='line_1_42' title="bbox 1207 3209 1299 3255; baseline 0.022 -4"><span class='ocrx_word' id='word_1_352' title='bbox 1207 3209 1299 3255; x_wconf 87' lang='grc'>178</span> 
     </span>
    </p>
   </div>
  </div>
 </body>
</html>
