2247 3637
387 249 859 306 EPISTOLAE
919 248 1512 305 OBSCURORUM
1568 247 1979 304 VIRORUM

387 357 472 405 col.
510 358 564 419 iJ'.
586 377 599 404 .·
637 364 664 382 ‘⁶
694 357 857 403 Tuam.
892 356 1061 418 itaque
1087 357 1413 412 sanctitatem,
1440 354 1571 403 velut
1601 356 1787 404 domini
1821 356 1983 404 nostri

314 445 352 474 60
386 425 441 472 in
465 423 615 472 terris
639 422 795 471 locum
819 429 989 471 tenens
1021 440 1080 470 ae
1102 423 1421 471 ministram.'’
1475 422 1653 470 Etiam
1680 422 1824 471 habet
1848 422 1902 469 in
1933 439 1984 471 se

386 491 624 539 haeresim
641 490 731 538 iste
750 488 994 537 articulus
1012 510 1025 537 .·
1057 490 1177 554 quia
1201 489 1307 538 vult
1329 489 1398 537 ibi
1411 488 1736 554 pfefferlt‘orn
1754 490 1980 545 innuere,

388 557 497 606 lieet
532 574 633 605 non
673 573 915 621 eoepresse,
959 562 1122 605 tamen
1167 557 1412 622 implicite,
1455 555 1591 619 quod
1634 562 1740 604 tota
1786 555 1983 605 eeclesia

387 625 638 673 erraverit
655 623 902 688 jaciendo
938 623 1186 673 mulierem
1221 625 1275 672 in
1300 640 1493 687 papam
1512 643 1526 670 .-
1568 623 1685 686 quia
1721 622 1802 671 ille
1836 639 1984 672 error

387 698 457 740 est
481 691 737 739 mamimus.
811 691 914 738 Sed
935 690 1022 754 qui
1045 690 1287 739 eeclesiam
1315 691 1431 738 dicit
1454 706 1644 745 errare,
1673 690 1732 739 de
1745 689 1890 755 facto
1914 695 1984 738 est

315 778 354 808 65
387 758 694 807 haereticus:
730 774 866 821 ergo.

490 827 552 874 ΕΙΣ
579 825 888 889 Respondeo
912 824 1051 887 quod
1082 825 1155 872 Io.
1186 826 1242 872 P.
1275 824 1363 887 qui
1391 840 1495 871 non
1520 829 1597 870 est
1621 824 1786 871 bonus
1817 840 1984 888 gram-

391 892 607 940 maticus
649 898 702 938 et
743 908 846 938 non
883 890 1124 955 intelligit
1158 892 1392 947 latinum,
1430 891 1632 955 putavit
1668 891 1807 954 quod
1845 890 1986 955 Papa

389 966 467 1008 est
501 958 699 1023 generis
734 957 982 1015 feminini,
1007 958 1137 1006 sicut
1175 959 1360 1006 Musa:
1397 958 1517 1021 quia
1553 964 1612 1005 ut
1647 958 1753 1022 ipse
1789 957 1986 1005 audivit

390 1026 454 1074 ab
489 1025 598 1074 aliis
635 1025 908 1073 “Vomina
942 1025 994 1073 in
1033 1043 1065 1073 α
1109 1032 1228 1073 sunt
1263 1026 1461 1090 generis
1493 1024 1725 1073 feminini
1760 1023 1987 1089 exceptis

317 1116 355 1147 το
391 1092 746 1157 excipiendis.”
818 1092 975 1139 Unde
1003 1092 1332 1140 Alexander:

655 1205 717 1242 Sit
738 1204 811 1241 tibi
833 1216 982 1241 nomen
1002 1206 1044 1240 in
1064 1218 1087 1240 a
1107 1203 1316 1250 muliebre,
1341 1203 1410 1240 sed
1434 1205 1576 1252 excipe
1599 1203 1724 1252 plura.

394 1303 550 1351 Unde
569 1308 713 1366 patet
731 1302 871 1365 quod
894 1302 966 1349 Io.
990 1303 1048 1349 P.
1071 1301 1122 1348 in
1141 1301 1393 1366 praesenti
1417 1306 1644 1348 tiactatu
1665 1299 1838 1347 scribit
1857 1299 1988 1347 sicut

393 1371 718 1434 '¹:lheologus
756 1368 843 1416 sed
865 1368 1092 1432 theologi
1117 1385 1220 1416 non
1246 1374 1425 1415 curant
1447 1368 1854 1432 grammaticam,
1870 1365 1990 1430 quia

393 1455 496 1486 non
521 1443 597 1486 est
622 1437 685 1483 de
709 1453 799 1483 sua
822 1435 1081 1483 facultate.

322 1653 361 1684 75
843 1628 905 1676 (T.
934 1627 1219 1674 SECUNDUS
1256 1627 1572 1674 ARTICULUs

498 1730 561 1777 cI
586 1726 956 1776 Reuclzlinistae
991 1733 1252 1791 arguunt:
1294 1728 1368 1775 Io.
1408 1726 1549 1791 Pses.
1589 1728 1641 1774 in
1678 1726 1842 1775 multis
1879 1725 1993 1775 locis

396 1797 523 1845 sieut
551 1796 665 1859 Α).
694 1801 739 1843 et
765 1794 832 1841 K
846 1795 937 1856 iiij.
970 1794 1171 1857 quando
1206 1793 1310 1842 vult
1334 1795 1509 1842 iurare
1540 1794 1675 1858 quod
1701 1794 1897 1858 aliquid
1928 1793 1991 1841 sit

399 1879 584 1919 verum,
623 1862 740 1909 dicit
783 1870 811 1888 ‘⁶
835 1861 1210 1924 mecliusfidius,”
1253 1862 1396 1924 (suasi
1432 1861 1614 1910 diceret
1661 1869 1802 1925 “per
1836 1877 1988 1909 meum

400 1930 542 1978 deum
567 1928 797 1993 fi(limn.”
870 1929 1009 1975 IVam
1047 1928 1379 1992 mediusfidius
1411 1928 1779 1992 z‘nteypretatm·
1815 1935 1844 1953 ‘⁶
1863 1944 1994 1976 meus

325 2023 364 2053 30
400 1997 519 2046 deus
537 1996 701 2060 fidius
720 1996 776 2042 '':
817 1996 951 2043 unde
985 1994 1299 2059 ‹mcmifestum
1324 2002 1409 2050 est,
1436 1996 1572 2059 quod
1597 1997 1701 2059 ipse
1726 1995 1771 2042 I.
1806 1994 1884 2059 pf.
1923 2000 1992 2042 est

398 2063 614 2111 idolotra
639 2069 686 2110 et
722 2079 822 2109 non
845 2061 987 2110 hahet
1023 2062 1177 2109 erista
1196 2079 1294 2126 pro
1320 2062 1407 2110 deo
1431 2080 1536 2118 suo,
1561 2063 1648 2111 sed
1670 2062 1877 2110 Fidium
1909 2061 1995 2124 qui

382 2131 500 2196 fuit
525 2129 707 2178 idolum
733 2129 874 2192 apud
896 2135 1080 2177 veteres
1093 2146 1343 2193 paganos.

501 2198 563 2246 (Ε
591 2196 901 2260 Respondeo
926 2196 1064 2258 quod
1089 2197 1188 2260 pfe.
1217 2197 1402 2243 iuravit
1440 2196 1508 2243 ibi
1547 2205 1573 2222 ‘⁵
1592 2195 1944 2245 mediusfidius
1965 2195 1991 2210 ''

401 2281 505 2312 non
529 2263 839 2327 respiciendo
876 2263 938 2309 ad
964 2262 1099 2310 hunc
1125 2264 1427 2310 'ferminum
1468 2272 1494 2289 ‘⁶
1517 2263 1710 2319 fidius,''
1743 2263 1881 2326 quod
1917 2268 1996 2309 est

328 2355 366 2385 35
400 2331 612 2379 forsitan
637 2329 898 2394 proprium
932 2346 1118 2377 nomen
1144 2330 1353 2377 alicuius
1386 2331 1517 2378 Idoli
1541 2349 1549 2378 :
1588 2331 1675 2379 sed
1700 2330 1805 2394 ipse
1832 2328 1997 2376 utitur

402 2399 490 2446 illo
514 2397 735 2445 termino
762 2397 813 2444 in
846 2403 1099 2460 quantum
1125 2404 1203 2444 est
1229 2398 1568 2444 Adverbium.
1643 2398 1715 2444 Et
1750 2397 1819 2444 sic
1852 2396 1997 2460 ponit

402 2466 660 2519 Donatus,
688 2464 775 2527 qui
801 2470 877 2510 est
902 2463 1191 2512 autenticus
1220 2471 1272 2511 et
1304 2464 1491 2528 legitur
1516 2465 1565 2511 in
1597 2464 1806 2511 scholis:
1844 2470 1897 2510 et
1921 2468 1998 2509 est

403 2533 568 2580 dicere
597 2539 623 2557 ‘⁶
642 2530 992 2578 mediusfidius
1009 2531 1031 2546 ’⁷
1052 2530 1101 2577 id
1122 2537 1198 2578 est
1219 2539 1247 2557 ‘⁶
1266 2538 1400 2579 certe
1418 2532 1442 2547 ‘³
1464 2532 1545 2578 vel
1566 2540 1593 2557 ‘⁶
1611 2530 1838 2578 se1·iose.”
1899 2529 1999 2575 Vel

404 2599 500 2653 dic,
518 2605 576 2646 ut
596 2599 747 2663 prius,
768 2598 907 2662 quod
928 2597 1182 2646 Iohannes
1202 2597 1512 2662 pfefferkorn
1536 2615 1640 2644 non
1667 2603 1810 2645 curat
1834 2612 1998 2660 gram-

330 2687 368 2715 90
404 2667 677 2714 maticam:
716 2666 797 2712 vel
821 2664 916 2720 dic,
942 2665 1081 2727 quod
1116 2673 1143 2690 ‘⁶
1161 2664 1509 2712 mediusfidius
1590 2665 1725 2711 idem
1758 2670 1834 2711 est
1859 2663 1998 2726 quod

407 2741 433 2759 ‘⁶
455 2751 544 2798 per
568 2750 738 2781 meam
763 2733 961 2787 fidem,''
988 2739 1039 2779 et
1065 2731 1134 2778 sic
1159 2731 1330 2778 audivi
1355 2732 1418 2778 ab
1443 2748 1546 2778 uno
1573 2732 1748 2779 Poeta.

451 2843 477 2862 ⁸⁷
503 2847 674 2878 latinum:
699 2844 763 2878 the
789 2844 893 2888 point
917 2843 958 2876 of
978 2843 1043 2876 the
1066 2842 1163 2887 gibe,
1281 2840 1308 2859 55
1335 2842 1584 2884 mediusfidius
1637 2842 1679 2876 In
1708 2842 1773 2876 the
1805 2843 2001 2877 (atholwon

406 2893 447 2925 of
476 2904 616 2934 course,
651 2892 761 2935 being
793 2891 876 2924 that
913 2891 942 2923 it
980 2902 1050 2923 was
1083 2889 1165 2923 well
1237 2900 1288 2923 we
1313 2901 1375 2923 are
1401 2889 1583 2922 insu-med
1610 2890 1691 2923 that
1715 2890 1779 2923 the
1806 2890 1903 2923 word
1929 2890 2001 2934 sig-

405 2939 540 2972 known
558 2939 622 2972 the
642 2938 748 2971 Latin
774 2938 816 2971 of
837 2937 901 2971 the
922 2939 1071 2980 Ilesence
1096 2948 1166 2969 was
1237 2937 1341 2970 nifies
1378 2936 1533 2970 either‘
1540 2937 1618 2980 ‘By
1654 2935 1867 2981 Me1··,’cu1y
1898 2937 1999 2980 “qui

407 2986 478 3019 due
496 2990 534 3019 to
553 2986 695 3019 Ortwin
713 2985 864 3018 Gratius
883 2984 1040 3018 himself.
1239 2983 1418 3016 ιιι8ᾱίιῒοι·
1443 2996 1480 3017 85
1465 2988 1499 3017 st
1523 2987 1560 3017 et
1586 2984 1679 3017 fidus
1705 2983 1924 3028 ἱ]ιὶ8ΥΡΓ85,”
1959 2994 2000 3016 or

452 3031 478 3050 ⁸⁷
509 3034 687 3066 Donatus:
705 3033 741 3065 ii.
766 3031 819 3074 12,
840 3043 874 3064 iz.
1239 3030 1321 3064 that
1339 3031 1368 3063 it
1386 3031 1437 3063 is
1447 3031 1570 3074 *zquisi
1589 3031 1773 3065 mediante
1791 3030 1895 3065 fide.'’

1166 3181 1258 3222 192
