2247 3637
189 256 243 298 11.
266 257 308 308 9]
499 246 961 303 PHILIPPUS
1017 243 1584 302 SCHLAURAFF

184 357 284 404 lare
311 373 398 420 per
422 373 603 404 aerem.
678 355 896 404 Debetis
921 355 1077 403 etiam
1093 353 1217 401 scire
1236 353 1373 417 quod
1396 353 1511 401 Rex
1532 352 1779 400 Franciae

183 424 394 471 revertit
426 423 477 470 in
511 423 782 471 Franciam
811 429 863 470 et
888 422 999 470 vult
1028 428 1229 486 portare
1254 420 1414 484 magis
1439 419 1690 483 populum
1715 419 1779 466 ad

185 490 480 538 bellandum
524 497 700 538 contra
744 491 1129 554 Imperatorem.
1216 487 1289 534 Et
1333 486 1554 550 Hispani
1597 486 1780 534 volunt

183 557 425 605 auxiliare
460 556 769 621 imperatori,
807 563 858 604 et
897 556 1093 603 habetis
1129 554 1252 602 scire
1288 554 1425 617 quod
1463 553 1558 601 erit
1595 569 1782 615 magna

182 640 378 687 guerra.
475 624 804 689 Quapropter
861 624 1106 671 debemus
1148 622 1313 669 dicere
1355 620 1406 667 in
1449 619 1781 668 Orationibus

183 691 397 739 nostris:
435 697 462 717 ‘⁶
480 691 568 738 Da
591 707 786 755 pacem,
813 690 1034 746 domine,
1061 690 1111 737 in
1137 689 1315 736 diebus
1340 687 1572 735 nostris.’'
1644 686 1782 743 Quia

183 773 286 804 non
313 763 390 805 est
415 757 610 804 bonum
644 758 783 821 quod
809 764 887 805 est
914 774 1097 821 guerra
1121 756 1172 804 in
1197 754 1304 803 istis
1330 754 1467 810 locis,
1493 770 1584 818 pro
1611 753 1783 801 Curti-

183 824 328 872 sanis,
403 824 456 872 Si
487 831 619 872 esset
651 842 767 889 pax,
792 831 919 872 tunc
952 823 1106 872 semel
1138 822 1389 871 deberetis
1415 820 1541 868 mihi
1566 819 1781 868 scribere

184 891 247 939 de
272 891 525 938 Vacantia
561 891 711 939 unius
746 891 991 947 beneficii,
1019 891 1124 939 sive
1156 896 1234 938 est
1267 895 1503 937 curatum
1541 887 1644 935 sive
1678 903 1780 948 non

184 964 436 1014 curatum,
463 958 567 1005 sive
603 959 667 1006 de
702 958 810 1006 iure
835 964 1136 1022 patronatus
1161 957 1265 1006 sive
1290 957 1447 1004 aliter.
1523 955 1661 1011 Quia
1685 971 1781 1019 ego

182 1041 415 1090 pronunc
454 1024 617 1073 habeo
658 1026 844 1073 bonam
888 1024 1294 1090 Experientiam‚
1334 1030 1386 1071 et
1428 1021 1613 1070 vellem
1651 1022 1780 1070 bene

184 1093 458 1156 impetrare
490 1091 697 1156 aliquid.
770 1093 843 1140 Et
876 1093 915 1139 si
941 1093 1138 1140 habetis
1168 1108 1325 1139 unam
1349 1089 1510 1145 litem,
1536 1095 1662 1136 tunc
1687 1105 1784 1153 ego

184 1159 302 1206 volo
322 1158 592 1207 sollicitare
613 1160 756 1207 vobis
776 1159 870 1208 hic.
944 1159 1121 1207 Etiam
1148 1159 1210 1207 de
1236 1174 1387 1206 causa
1405 1173 1524 1204 cum
1551 1155 1783 1204 Iohanne

186 1226 443 1274 Reuchlin
480 1226 677 1275 debetis
714 1227 838 1275 scire
874 1227 1014 1291 quod
1051 1226 1303 1290 Magister
1338 1225 1529 1272 Noster
1567 1223 1783 1271 Iacobus

183 1293 249 1341 de
286 1293 640 1341 Hochstraten
665 1293 872 1358 collegit
899 1294 1065 1342 adhuc
1090 1292 1213 1341 alios
1238 1291 1476 1340 articulos
1502 1292 1553 1339 in
1578 1290 1785 1355 speculo

184 1360 403 1408 oculari:
442 1366 494 1408 et
554 1367 676 1409 sunt
717 1361 789 1409 ita
826 1362 954 1409 bene
996 1359 1322 1408 haereticales
1364 1359 1493 1406 sicut
1541 1357 1638 1405 alii.
1712 1356 1786 1405 Et

185 1428 291 1492 ipse
324 1428 426 1475 iam
451 1434 529 1476 est
554 1428 781 1476 floretiae
807 1445 926 1476 cum
953 1428 1128 1484 Curta,
1155 1433 1207 1474 et
1232 1426 1504 1489 diligenter
1529 1424 1782 1472 sollicitat.

185 1494 306 1542 Non
353 1495 550 1543 debetis
597 1495 832 1544 dubitare
878 1495 1017 1559 quod
1060 1510 1164 1541 non
1201 1492 1454 1541 habebitis
1502 1490 1782 1540 victoriam.

187 1561 431 1610 Scribatis
457 1562 582 1610 mihi
608 1562 839 1611 similiter
865 1578 998 1610 nova
1021 1567 1072 1610 et
1099 1559 1329 1609 Valeatis
1355 1575 1474 1607 cum
1499 1558 1670 1622 gloria.

295 1646 447 1683 Datum
471 1646 624 1685 Roma.

944 1854 1029 1901 IX

186 1991 249 2040 11:
287 1990 405 2037 MA
418 1990 594 2038 GIS1
599 1991 717 2037 *ER
752 1990 877 2037 PH
874 1990 912 2037 Ι
910 1990 1003 2036 LI
999 1989 1105 2035 PP
1113 1988 1206 2035 US
1242 1985 1503 2035 SCHLA
1520 1985 1673 2032 ΗΒΑ
1682 1985 1794 2031 FF

707 2058 786 2105 M.
831 2057 1047 2105 Ort-cino
1076 2054 1265 2104 Gratio

282 2191 386 2238 AL
397 2191 611 2239 UTEM
652 2189 1070 2255 sesquipedalem.
1161 2184 1479 2234 Venerabilis
1522 2183 1788 2247 Magister,

317 2259 484 2306 sciatis
518 2258 657 2322 quod
687 2257 859 2322 accepi
892 2256 1117 2304 litteram
1144 2260 1364 2302 vestram
1390 2251 1538 2300 valde
1566 2252 1789 2315 poetica-

187 2325 303 2374 liter
339 2325 597 2390 scriptam,
623 2324 755 2373 sicut
792 2330 869 2372 est
894 2321 1232 2372 Consuetudo
1268 2326 1450 2368 vestra.
1525 2318 1600 2366 Et
1635 2319 1790 2384 scrip-

190 2391 322 2442 81stis
346 2412 355 2443 ε

366 2490 389 2507 “
406 2485 561 2522 Datum
581 2487 623 2522 in
645 2484 821 2531 Colonia,
879 2483 1041 2534 quando
1060 2482 1275 2520 habuimus
1295 2480 1402 2517 bona
1422 2479 1626 2516 convivia:

405 2544 447 2576 et
469 2542 639 2576 viximus
660 2541 700 2575 in
722 2538 940 2584 hilaritate,
997 2542 1040 2575 et
1059 2550 1141 2574 non
1162 2537 1385 2573 curavimus
1405 2533 1457 2570 de
1477 2527 1715 2582 gravitate.’'

191 2641 265 2689 Et
297 2641 365 2689 sic
396 2639 710 2689 consideravi
745 2639 884 2704 quod
920 2638 1087 2686 fuistis
1124 2637 1251 2685 bene
1287 2634 1590 2688 vinificatus,
1625 2630 1675 2678 id
1712 2636 1790 2678 est

191 2709 311 2756 vino
335 2708 576 2773 repletus,
596 2707 815 2755 dicendo
841 2705 1125 2771 poetaliter.
1186 2703 1260 2751 Et
1291 2701 1439 2750 credo
1464 2698 1602 2763 quod
1620 2697 1789 2746 fuistis

190 2775 358 2823 ebrius
398 2776 605 2838 quando
647 2773 913 2839 scripsistis
954 2771 1081 2820 illud
1122 2770 1393 2818 dictamen.
1467 2766 1542 2814 Et
1574 2765 1789 2813 scribitis

192 2841 318 2890 mihi
364 2842 503 2905 quod
551 2842 712 2890 debeo
756 2840 899 2889 vobis
946 2839 1153 2888 mittere
1199 2836 1325 2884 illud
1374 2835 1594 2883 Carmen
1649 2832 1788 2896 quod

193 2907 463 2973 compilavi
487 2908 550 2956 de
575 2909 928 2957 ambulatione
948 2923 1062 2954 mea
1086 2905 1206 2952 hinc
1231 2903 1349 2951 inde
1373 2918 1462 2966 per
1484 2899 1785 2947 Almaniam

236 3030 264 3050 ⁶⁴
282 3034 468 3064 curatum:
494 3031 545 3063 cle.
566 3030 625 3062 “a
645 3041 732 3064 cure
755 3029 797 3063 of
817 3026 956 3072 souls‚”
1072 3023 1100 3043 ⁶²
1117 3029 1218 3058 curta
1228 3035 1240 3058 .·
1265 3024 1322 3057 for
1339 3024 1451 3057 curia.
1494 3021 1560 3056 See
1574 3020 1635 3055 Du
1650 3020 1789 3065 Cange,

190 3090 229 3112 as
247 3076 406 3123 opposed
425 3081 463 3110 to
480 3088 501 3109 a
520 3076 683 3111 benefice
700 3076 892 3120 involving
908 3086 956 3109 110
1026 3085 1088 3108 s.v.
1108 3074 1223 3107 cortis.

193 3123 378 3171 parochi-dl
397 3123 527 3157 duties.
1088 3119 1101 3139 ⁹
1122 3119 1219 3161 fimf
1272 3116 1302 3150 A
1323 3115 1570 3151 nonce-word.

956 3181 1048 3227 147

1816 636 1854 665 :30

1821 1301 1858 1331 60

1822 1635 1860 1666 65

1828 2714 1868 2743 10
