2247 3637
389 781 426 810 40

390 1145 428 1175 45

391 1493 428 1522 50

393 1824 431 1854 55

460 185 932 242 EPISTOLAE
992 186 1584 244 OBSCURORUM
1640 186 2050 243 VIRORUM

460 293 610 342 credo
642 294 783 357 quod
819 294 1052 342 diabolus
1086 294 1262 343 docuit
1292 294 1422 359 ipsas
1451 294 1591 342 illam
1617 299 1810 342 artem:
1847 311 2052 342 verum-

459 360 720 409 enimvero
778 361 847 409 sic
898 361 1145 410 debemus
1202 361 1321 426 ipsis
1383 361 1587 408 obviare
1648 360 1780 409 sicut
1840 361 1940 426 legi
1999 361 2051 408 in

387 448 424 477 3Γ
458 427 658 475 libraria
681 428 1044 493 magistrorum
1069 428 1121 476 in
1148 428 1431 476 Rostochio
1455 428 1508 475 in
1528 427 1882 491 antiquissimo
1906 427 2050 484 libro,

459 501 512 542 et
559 500 737 559 postea
783 495 1008 560 probavi,
1058 502 1109 544 et
1157 502 1236 543 est
1282 511 1474 543 verum.
1555 495 1617 543 In
1665 494 1747 543 die
1794 494 2051 543 dominico

458 562 704 611 debemus
743 579 942 611 sumere
982 563 1052 610 sal
1101 562 1448 617 benedictum,
1499 567 1551 610 et
1605 579 1722 609 cum
1784 579 1843 611 eo
1902 578 2052 626 super

459 628 689 693 linguam
724 630 889 678 facere
925 646 1081 678 unam
1107 645 1325 684 crucem,
1353 635 1404 676 et
1431 629 1694 676 comedere
1719 646 1782 677 ex
1808 627 2052 676 mandato

460 696 766 760 scripturae:
823 697 978 745 “Vos
1025 695 1146 744 estis
1193 695 1265 743 sal
1305 696 1517 751 terrae,’'
1555 695 1606 742 id
1642 703 1720 744 est
1757 696 2053 751 comeditis;

459 769 637 828 postea
673 764 838 812 facere
876 781 1033 812 unam
1080 779 1283 811 crucem
1329 763 1381 810 in
1428 768 1648 826 pectore,
1699 770 1750 811 et
1796 780 1953 811 unam
2001 762 2053 809 in

459 831 637 888 d01·so;
674 831 907 879 similiter
931 847 1118 895 ponere
1142 830 1194 878 in
1218 836 1491 893 utramque
1510 846 1685 877 aurem
1710 847 1909 895 semper
1933 846 2052 878 cum

461 914 624 954 cruce,
642 898 867 946 cavendo
892 915 956 946 ne
981 898 1131 945 cadat
1156 897 1352 945 exinde.
1426 897 1509 944 Ac
1533 903 1711 961 postea
1736 913 1876 945 orare
1894 897 2052 945 talem

460 964 743 1013 orationem
768 964 1011 1013 devotam
1031 983 1042 1013 ι

568 1085 743 1122 Domine
766 1086 858 1123 Iesu
879 1086 1051 1132 Christe,
1108 1091 1151 1123 et
1172 1098 1240 1122 vos
1258 1089 1451 1134 quattuor
1471 1084 1759 1134 evangelistae,

567 1139 768 1177 custodite
789 1152 854 1177 me
874 1153 897 1176 a
917 1139 1030 1176 malis
1051 1140 1341 1184 meretricibus,
1400 1143 1442 1175 et
1461 1139 1512 1175 ab
1531 1141 1626 1188 ipsis
1645 1138 1989 1184 incantatricibus,

568 1206 618 1230 ne
640 1198 840 1243 exsugant
860 1206 994 1230 meum
1015 1206 1211 1238 cruorem,
1265 1199 1307 1230 et
1328 1192 1479 1229 faciant
1499 1205 1664 1242 gravem
1684 1193 1867 1230 dolorem

568 1249 609 1283 in
630 1250 730 1284 meis
749 1247 1002 1293 mammilli33
1059 1260 1207 1297 quaeso
1226 1249 1400 1284 resistite
1421 1246 1498 1283 illis
1516 1261 1524 1282 ε

566 1301 670 1337 dabo
690 1301 801 1338 vobis
821 1301 1079 1347 offertorium,
1138 1314 1261 1338 unum
1283 1300 1496 1351 pulchrum
1516 1302 1783 1350 aspersorium
1802 1313 1810 1338 :

462 1415 514 1457 et
544 1408 682 1456 eritis
715 1408 974 1457 liberatus.
1050 1409 1104 1456 Si
1141 1409 1330 1457 iterum
1368 1408 1598 1464 veniunt,
1628 1413 1755 1455 tunc
1797 1412 2057 1471 exsugunt

462 1492 613 1523 suum
672 1475 976 1541 sanguinem
1034 1482 1086 1524 et
1133 1476 1267 1523 fiunt
1314 1482 1423 1523 met
1470 1474 1714 1523 infirmae.
1811 1475 2056 1522 Ceterum

461 1544 723 1607 quomodo
771 1549 875 1591 stat
921 1560 999 1592 res
1047 1559 1166 1590 cum
1214 1543 1423 1590 doctore
1472 1542 1764 1590 Reuchlin?
1825 1540 2056 1605 magistri

462 1609 643 1658 dicunt
680 1610 761 1658 hic
786 1610 926 1674 quod
952 1627 1040 1658 vos
1066 1609 1218 1666 vicit;
1255 1626 1351 1673 ego
1387 1625 1490 1657 non
1527 1609 1677 1657 credo
1713 1609 1851 1674 quod
1887 1614 2059 1673 posset

462 1676 662 1725 vincere
687 1677 957 1742 magistros
978 1684 1191 1726 nostros.
1263 1678 1338 1725 Et
1362 1676 1528 1724 multo
1554 1676 1716 1740 magis
1741 1677 1896 1724 miror
1921 1675 2059 1739 quod

463 1760 567 1791 non
609 1744 825 1793 scribitis
868 1762 1032 1793 unum
1074 1745 1333 1793 dictamen
1382 1750 1559 1791 contra
1600 1744 1783 1808 ipsum.
1876 1743 2060 1790 valete

465 1812 954 1876 superaeternaliter.
1051 1812 1126 1859 Et
1189 1812 1409 1859 salutate
1477 1810 1745 1858 dominum
1810 1811 2059 1857 Ioannem

464 1879 789 1927 Pfefferkorn
820 1896 938 1927 cum
972 1897 1062 1928 sua
1086 1895 1272 1927 uxore:
1309 1878 1489 1925 dicatis
1521 1878 1660 1941 quod
1693 1894 1789 1941 ego
1815 1883 1939 1942 opto
1966 1876 2061 1926 sibi

464 1945 633 2010 plures
658 1946 814 1994 bonas
838 1953 1029 2003 noctes,
1066 1963 1223 2010 quam
1249 1946 1556 1994 Astronomi
1592 1945 1782 1992 habent
1817 1944 2057 1995 minutas,

573 2030 633 2068 Ex
664 2031 981 2069 FRANOEi-unum
1011 2045 1115 2069 APUD
1141 2031 1332 2070 ODERAM.

513 2144 540 2164 ³⁵
565 2148 747 2181 Rostoclz.:
779 2147 843 2182 the
876 2147 1014 2193 libi-ary
1043 2148 1080 2182 in
1111 2147 1228 2181 which
1346 2143 1374 2163 ⁴⁸
1399 2146 1510 2188 offert.
1547 2143 1662 2188 Here,
1675 2144 1815 2190 merely
1828 2155 1875 2178 au
1888 2143 2064 2179 oblation.

466 2193 532 2228 the
548 2193 727 2239 mythical
746 2194 774 2211 “
788 2194 1123 2229 Combibilations”
1143 2199 1228 2229 rest.
1345 2190 1373 2210 ⁴⁸
1398 2203 1528 2236 a-spers¹
1568 2191 1680 2235 Here,
1698 2204 1745 2225 an
1764 2192 1990 2226 instrument
2007 2192 2064 2225 for

468 2241 536 2275 See
554 2241 576 2274 i.
600 2241 655 2275 31.
1299 2239 1511 2286 sprinkling
1527 2238 1616 2284 holy
1635 2244 1746 2273 water
1764 2249 1772 2280 ;
1798 2251 1845 2272 an
1861 2237 2047 2284 aspergill.

515 2297 541 2316 ³⁷
567 2300 628 2333 gal·
709 2299 776 2333 See
841 2299 981 2333 Grimm
1065 2301 1232 2334 Deussehe
1345 2285 1374 2305 ⁵⁴
1391 2298 1461 2321 uon
1471 2286 1777 2331 scrib.:ig110ri11g
1788 2286 1862 2321 O.'s
1874 2287 2065 2319 Praenom-

468 2345 631 2390 Mythol„
650 2347 669 2380 l.
690 2358 717 2380 c.
740 2345 811 2380 aud
831 2358 865 2391 p.
883 2358 938 2389 xc,
958 2327 995 2380 η’
1016 2346 1095 2384 570.
1300 2338 1416 2368 menta
1434 2333 1570 2378 (1514)-

1347 2379 1374 2399 ⁵⁷
1401 2383 1567 2414 minutas.
1628 2380 1707 2414 The
1745 2379 1990 2413 subdivisions
2027 2378 2069 2412 of

1301 2427 1365 2462 the
1379 2439 1441 2461 arc
1457 2439 1520 2461 are
1538 2426 1716 2472 probably
1734 2430 1860 2460 meant
1879 2439 1886 2468 3
1912 2426 2067 2460 seconds

569 2483 612 2505 ne
629 2473 740 2506 eadat.
790 2471 887 2506 That
912 2471 1059 2505 ill-luck
1085 2473 1233 2506 attends
1302 2474 1345 2507 of
1364 2486 1425 2508 arc
1452 2486 1546 2509 were
1571 2473 1690 2508 called
1717 2474 1873 2518 “partes
1898 2473 2065 2506 minutae

469 2518 533 2553 the
556 2517 709 2563 spilling
733 2518 775 2553 of
795 2518 866 2553 salt
883 2519 912 2552 is
930 2517 1006 2552 still
1025 2531 1045 2552 a
1062 2530 1231 2553 common
1301 2520 1518 2555 secundae.’'
1585 2521 1617 2554 A
1657 2520 1800 2553 minute
1834 2519 1876 2553 of
1909 2520 1998 2553 time
2036 2520 2066 2553 is

469 2566 720 2611 superstition.
1303 2570 1488 2602 nstitutum.

514 2407 543 2427 ³⁹
568 2411 677 2453 scrip.
692 2421 704 2444 .·
722 2409 829 2444 Matt.
849 2421 879 2443 v.
903 2410 956 2444 13.

516 2469 545 2489 42

1181 2778 1354 2820 NOTE.

587 2870 699 2925 Epp.
731 2870 1123 2911 XLII.-XLVIII.
1156 2868 1375 2925 appeared
1406 2869 1473 2910 for
1505 2869 1579 2911 the
1601 2869 1693 2911 first
1720 2870 1825 2911 time
1857 2871 1900 2910 in
1935 2870 2070 2923 [C]—

473 2927 548 2968 the
579 2927 697 2968 third
729 2927 893 2968 edition
924 2928 975 2968 of
1000 2927 1074 2968 the
1106 2927 1198 2968 first
1230 2928 1366 2968 series.

1228 3111 1321 3153 104
