2247 3637
383 956 401 985 5

367 1291 404 1319 10

370 1624 408 1654 15

373 1960 410 1989 20

375 2291 414 2321 25

379 2630 417 2659 30

436 204 908 263 EPISTOLAE
968 197 1560 260 OBSCURORUM
1615 187 2024 250 VIRORUM

1019 460 1452 512 XLIII-XLIV

435 606 498 654 (I
574 602 901 653 GALLUS
976 595 1583 647 LINJTEXTORIS
1661 592 2028 642 GUNDEL-

605 668 1059 718 FINGENSIS
1094 666 1286 714 Cantor
1327 664 1459 711 z'm‘er
1494 661 1643 710 bonos
1676 661 1828 709 socios
1865 660 1915 706 S.
1954 659 2026 706 D.

604 736 944 853 ἓῇὲρξένΐυίηο
990 733 1180 781 Gratlo
1212 729 1533 796 praeceptori
1573 745 1661 777 sno
1694 726 2029 792 plurgffiwismz

560 934 982 985 EVERENDE
1022 931 1229 980 domine
1265 930 1518 995 magister.
1593 929 1732 984 Quia
1767 928 2033 992 scripsistis

593 1003 718 1051 mihi
751 1003 815 1049 ad
847 1000 1152 1049 Eberburck
1177 999 1324 1046 valde
1357 997 1651 1046 solaciosam
1684 996 1827 1051 Iram,
1853 995 1906 1043 in
1931 1011 2035 1059 qua

440 1071 736 1121 consolastis
761 1086 844 1117 me
877 1067 996 1131 quia
1020 1065 1284 1114 audivistis
1308 1080 1390 1112 me
1421 1081 1527 1112 esse
1560 1064 1849 1110 infirmum:
1888 1079 2033 1126 prop-

437 1147 577 1188 terea
628 1137 791 1185 habeo
838 1135 981 1183 vobis
1035 1140 1203 1198 grates
1259 1132 1604 1196 sempiternas.
1701 1130 1803 1177 Sed
1851 1130 1903 1177 in
1950 1129 2035 1176 illa

438 1205 654 1271 epistola
700 1202 964 1267 scripsistis
1006 1201 1150 1249 vobis
1195 1200 1351 1247 fuisse
1397 1198 1585 1246 mirum
1626 1214 1782 1261 quare
1823 1196 2034 1244 fuissem

438 1274 604 1321 factus
641 1271 885 1327 infirmus,
925 1286 1043 1317 011111
1080 1285 1184 1316 non
1225 1267 1439 1314 habeam
1476 1281 1688 1329 magnos
1726 1264 1938 1320 labores,
1976 1270 2036 1311 ut

439 1341 597 1389 etiam
633 1355 726 1386 nec
762 1337 846 1385 alii
882 1337 1074 1385 habent
1108 1335 1195 1400 qui
1232 1335 1474 1382 dicuntur
1510 1333 1615 1380 sine
1651 1333 1836 1387 labore,
1870 1332 1921 1379 id
1959 1337 2037 1378 est

440 1407 767 1455 dominorum
804 1404 946 1453 servi.
1021 1404 1110 1450 Ha
1145 1403 1209 1450 ha
1244 1402 1338 1449 ha!
1381 1406 1583 1464 oportet
1624 1416 1706 1447 me
1741 1398 1916 1454 ridere,
1956 1397 2037 1445 vel

442 1475 536 1523 sim
561 1472 776 1539 spuriUS,
802 1471 941 1535 quod
966 1470 1207 1535 quaeritis
1232 1486 1295 1517 ex
1319 1475 1426 1516 tam
1454 1466 1667 1531 simplici
1694 1473 1894 1514 mente:
1933 1482 2037 1512 non

444 1541 579 1590 scitis
604 1541 743 1604 quod
780 1540 876 1587 hoc
910 1545 988 1586 est
1019 1538 1069 1584 in
1099 1538 1181 1585 dei
1215 1536 1481 1583 voluntate
1507 1534 1646 1598 quod
1678 1540 1850 1598 potest
1874 1549 2037 1580 unum

441 1610 606 1658 facere
638 1607 899 1655 infirmum
931 1605 1136 1669 quando
1162 1603 1290 1659 vult,
1317 1609 1369 1651 et
1402 1602 1588 1650 iterum
1623 1618 1798 1649 sanare
1831 1599 2037 1663 quando

444 1676 536 1724 sibi
561 1675 758 1741 placet:
797 1674 835 1721 si
868 1689 1065 1736 semper
1089 1671 1244 1719 debet
1268 1670 1439 1718 venire
1470 1668 1737 1716 infirmitas
1762 1685 1825 1716 ex
1850 1667 2036 1723 labore,

441 1751 568 1792 tunc
605 1741 729 1789 mihi
764 1757 867 1788 non
901 1747 1033 1788 esset
1070 1739 1291 1786 bonum:
1329 1737 1450 1785 licet
1485 1753 1574 1783 vos
1608 1735 1786 1783 dicatis
1819 1751 1902 1782 me
1934 1751 2038 1782 11011

444 1810 670 1857 multum
706 1808 945 1855 laborare.
1019 1805 1228 1870 Quippe
1261 1822 1379 1852 011111
1411 1804 1486 1851 fui
1522 1820 1684 1866 nuper
1718 1802 1769 1849 in
1804 1801 2039 1866 Heydel-

444 1878 599 1941 berga
631 1875 767 1940 apud
800 1875 960 1922 bonos
992 1874 1168 1929 socios,
1193 1879 1319 1920 tunc
1353 1871 1576 1918 maxime
1600 1886 1799 1934 semper
1823 1869 2040 1933 cogebar

444 1944 672 1992 laborare
708 1959 825 1990 cum
862 1941 1008 1997 00110,
1046 1940 1267 1987 bibendo
1304 1938 1494 1986 scilicet
1530 1937 1723 1993 vinum,
1761 1937 1899 2000 quod
1937 1952 2036 1983 11011

445 2012 634 2059 mirum
668 2010 847 2058 fuisset
882 2008 1021 2072 quod
1055 2006 1321 2055 traxissem
1359 2005 1547 2053 collum
1583 2021 1757 2052 meum
1794 2004 1856 2051 ab
1892 2003 2039 2050 inde:

446 2085 499 2127 et
535 2095 624 2126 vos
660 2094 763 2125 non
799 2076 992 2141 putatis
1029 2091 1136 2123 esse
1172 2074 1316 2121 illum
1352 2073 1613 2120 laborem?
1685 2071 1786 2119 Sed
1823 2069 2042 2118 sufficiat

446 2146 569 2193 haec
612 2144 870 2209 responsio
912 2143 974 2190 ad
1022 2141 1160 2189 illam
1207 2147 1437 2205 partem:
1487 2146 1664 2205 postea
1714 2137 1942 2201 sequitur
1988 2137 2040 2184 111

448 2220 616 2261 vestra
647 2212 719 2259 lfa
743 2211 880 2275 quod
915 2210 1128 2257 debeam
1156 2208 1297 2255 vobis
1321 2208 1587 2271 disponere
1613 2223 1777 2253 unum
1808 2205 2039 2252 libellum

447 2281 498 2328 in
554 2295 657 2343 quo
705 2284 805 2326 stet
860 2277 1050 2340 aliquid
1108 2275 1379 2339 pulchrum
1433 2291 1524 2339 pro
1579 2273 1847 2322 iuvenibus
1902 2271 2041 2335 quod

448 2346 650 2412 possitis
696 2361 964 2394 resumere.
1059 2343 1194 2389 Cum
1250 2341 1406 2406 igitur
1452 2341 1618 2389 fuistis
1666 2339 1790 2388 mihi
1842 2355 2042 2403 semper

449 2413 679 2462 amabilis
721 2417 928 2477 propter
969 2409 1258 2473 disciplinas
1300 2414 1492 2456 vestras
1535 2407 1695 2454 varias
1737 2423 1862 2470 quas
1904 2405 2040 2454 scitis

450 2487 793 2536 mentetenus,
836 2494 938 2525 non
979 2477 1125 2541 potui
1167 2492 1250 2523 me
1291 2491 1487 2522 servare
1528 2480 1587 2522 ut
1636 2490 1739 2521 non
1781 2472 2040 2520 mitterem

451 2549 623 2596 vobis:
654 2555 752 2595 vna
787 2544 1056 2610 epistolam
1093 2559 1156 2590 ex
1193 2543 1405 2607 pulchro
1440 2541 1612 2588 libello
1647 2541 1735 2604 qui
1770 2540 2043 2604 inscriptus

451 2622 528 2664 est
562 2612 900 2678 “Epistolare
931 2610 1293 2674 magistrorum
1327 2607 1666 2673 lipsensiu1n‚”
1696 2623 1851 2670 quem
1884 2606 2043 2654 dicta-

452 2687 638 2730 verunt
696 2679 925 2744 magistri
982 2675 1354 2742 dispositissimi
1413 2676 1464 2723 in
1523 2675 1657 2722 alma
1714 2673 2045 2721 universitate

452 2748 689 2814 lipsensi;
749 2754 801 2796 et
849 2746 944 2794 hoc
992 2750 1258 2809 propterea
1302 2741 1415 2797 feci,
1464 2741 1503 2789 si
1555 2741 1722 2805 placet
1770 2740 1913 2788 vobis
1960 2740 2046 2788 illa

454 2816 616 2880 prima
655 2815 742 2870 lfa,
780 2821 904 2861 tunc
941 2812 1058 2860 volo
1095 2810 1299 2858 mittere
1334 2816 1505 2857 totum
1548 2808 1749 2864 librum,
1787 2807 1907 2873 quia
1941 2824 2045 2854 non

502 2931 513 2949 ¹
543 2933 686 2965 (lundel.
701 2943 713 2965 .·
738 2932 774 2965 in
795 2930 957 2964 Bavaria.

503 2977 529 2996 ¹¹
555 2981 630 3012 siue
662 2980 752 3011 lala:
785 2978 820 3011 J.
854 2976 1040 3019 Ilm-theb,
1079 2978 1127 3010 He
1165 2977 1246 3009 Fide
1279 2976 1501 3008 Meretricum
1545 2973 1683 3016 (1643),
1719 2985 1751 3018 1).
1788 2972 1867 3006 495.
1921 2972 2047 3005 “Sine

459 3025 599 3068 labore,
618 3027 675 3059 ein
697 3023 995 3067 lfshffcnlmeelzt.n

504 3070 530 3090 ²¹
556 3076 647 3105 tram.
662 3084 674 3105 :
698 3072 762 3105 the
780 3072 953 3113 meaning
969 3072 998 3104 is
1017 3068 1199 3104 doubtful.

1204 3131 1297 3173 108
