2247 3637
202 258 257 298 11.
285 259 349 308 12]
583 247 1124 306 WILHELMUS
1180 249 1422 305 LAMP

201 357 442 422 peribunt
469 356 601 404 sicut
626 356 792 421 pulvis
818 375 846 405 a
870 358 999 406 facie
1023 358 1178 406 venti.
1252 359 1442 406 Postea
1465 357 1796 406 transivimus

201 441 291 489 per
322 441 485 472 unum
519 429 749 471 montem
781 424 869 487 qui
897 425 997 473 fuit
1024 426 1205 490 plenus
1230 424 1347 472 nive
1371 431 1423 472 et
1448 431 1526 473 est
1550 425 1622 472 ita
1646 424 1795 482 altus,

202 491 341 554 quod
375 490 525 539 credo
556 491 695 554 quod
724 492 909 540 transit
933 493 994 540 ad
1022 492 1249 540 medium
1275 491 1431 540 Caeli.
1505 491 1577 539 Et
1602 492 1702 539 fuit
1726 492 1797 540 ita

203 574 451 623 magnum
507 556 668 620 frigus
727 574 877 622 super
934 559 1079 607 illum
1139 564 1386 614 montem,
1434 558 1574 622 quod
1621 559 1799 623 putavi

202 625 386 673 habere
443 624 652 679 febrem,
703 631 756 673 et
815 625 1036 689 cogitavi
1083 626 1147 674 de
1194 625 1331 673 stufa
1377 641 1491 672 mea
1540 625 1796 674 Coloniae.

204 692 357 740 Dixit
399 697 574 738 autem
616 692 780 740 socius
817 709 993 741 meus:
1042 693 1136 740 “O
1174 693 1214 741 si
1255 693 1495 740 haberem
1538 691 1798 756 pellicium

203 759 423 807 meum.”
515 759 663 806 Tunc
721 758 852 807 dixit
898 760 972 808 ei:
1034 761 1187 808 “Vos
1234 776 1434 824 semper
1478 759 1690 823 queritis
1737 759 1800 807 de

202 825 485 890 frigiditate
521 826 727 889 quando
764 827 884 874 estis
920 826 972 874 in
997 827 1225 891 Campo;
1263 826 1336 874 Et
1373 826 1579 891 quando
1616 826 1801 874 venitis

204 893 268 940 ad
293 892 590 957 hospitium,
611 893 781 956 [tunc]
807 893 962 941 vultis
982 909 1279 958 supponere.
1352 894 1472 941 Non
1499 893 1636 942 scitis
1661 893 1801 958 quod

206 960 370 1008 coitus
417 958 573 1007 etiam
622 960 964 1024 infrigidat?⁷’
1036 961 1327 1026 Respondit
1375 961 1480 1025 ipse
1521 960 1660 1025 quod
1697 977 1802 1008 non

206 1027 411 1076 videtur
443 1026 536 1075 sibi
573 1028 710 1090 quod
751 1027 1035 1092 Infrigidat,
1067 1028 1153 1076 sed
1191 1028 1435 1076 calefacit.
1507 1027 1582 1075 Et
1605 1027 1802 1076 debetis

205 1094 345 1151 scire,
388 1094 639 1158 Magister
682 1094 917 1151 Ortvine‚
959 1095 1098 1159 quod
1140 1096 1192 1143 in
1235 1095 1341 1142 vita
1387 1111 1501 1143 mea
1546 1111 1651 1142 non
1698 1095 1803 1143 vidi

206 1177 369 1209 unum
395 1161 655 1209 hominem
683 1162 766 1209 Ita
790 1162 1138 1210 luxuriosum:
1179 1163 1393 1227 Semper
1416 1162 1622 1226 quando
1647 1162 1801 1210 intra-

207 1228 374 1276 vimus
409 1245 572 1276 unum
608 1229 902 1294 hospitium,
934 1235 1060 1277 tunc
1096 1230 1320 1294 primum
1356 1229 1570 1277 verbum
1605 1229 1705 1277 fuit
1740 1229 1804 1277 ad

204 1295 459 1344 famulum
501 1295 743 1360 hospitis:
796 1297 889 1344 “O
932 1296 1138 1351 famule,
1182 1312 1283 1344 non
1325 1296 1571 1344 habemus
1613 1296 1804 1361 aliquid

206 1379 299 1427 pro
330 1363 582 1428 genibus?
652 1363 902 1428 [Datulus
935 1380 1079 1411 meus
1109 1369 1213 1412 stat
1237 1362 1392 1411 michi
1416 1362 1489 1411 ita
1514 1364 1670 1420 dure;
1708 1380 1804 1428 ego

207 1430 309 1478 scio
364 1430 502 1494 quod
555 1430 740 1478 vellem
789 1446 908 1478 cum
955 1446 1015 1477 eo
1061 1447 1216 1478 nuces
1264 1446 1415 1495 supra
1460 1431 1805 1495 percutere.]'’

206 1497 413 1545 Deinde
472 1498 705 1545 venimus
763 1498 828 1545 ad
887 1496 1208 1545 Tridentum.
1316 1496 1391 1545 Et
1448 1503 1622 1562 parcat
1680 1498 1806 1547 mihi

205 1565 462 1620 dominus,
499 1571 550 1612 et
599 1581 688 1612 vos
735 1564 891 1612 etiam
937 1581 1042 1612 non
1089 1564 1318 1612 habeatis
1360 1564 1485 1612 mihi
1526 1581 1617 1630 pro
1652 1565 1804 1621 malo,

206 1632 347 1696 quod
394 1631 557 1679 scribo
603 1631 746 1679 vobis
794 1632 1080 1679 veritatem.
1154 1631 1293 1687 Quia
1339 1631 1409 1679 ibi
1451 1631 1608 1679 etiam
1651 1632 1806 1680 semel

206 1699 423 1765 purgavi
469 1715 611 1747 renes
658 1699 847 1746 vadens
894 1698 1096 1746 occulte
1142 1699 1205 1746 ad
1251 1698 1608 1763 prostibulum.
1706 1699 1806 1747 Sed

207 1773 385 1831 postea
442 1766 505 1813 de
563 1772 716 1814 nocte
774 1765 912 1814 oravi
971 1766 1119 1814 horas
1167 1766 1230 1814 de
1277 1766 1426 1814 beata
1474 1765 1669 1831 virgine
1716 1783 1806 1830 pro

205 1840 417 1898 peccato
452 1833 554 1880 illo.
629 1834 864 1881 Fuerunt
900 1833 969 1880 ibi
1006 1833 1200 1881 multae
1235 1840 1431 1897 genteS‚
1469 1833 1700 1881 volentes
1737 1834 1806 1882 ire

205 1901 270 1948 ad
318 1902 592 1955 Veronam,
629 1906 680 1948 et
727 1901 894 1948 facere
940 1900 1011 1948 ibi
1057 1900 1318 1948 mirabilia.
1392 1900 1466 1948 Et
1508 1900 1808 1949 dicebantur

203 1967 350 2016 nobis
412 1968 639 2032 grandia,
699 1967 961 2031 quomodo
1021 1968 1311 2033 Imperator
1368 1967 1492 2016 velit
1551 1968 1806 2033 captivare

203 2035 492 2083 Venetiam.
567 2034 640 2082 Et
674 2034 894 2083 vidimus
919 2034 1226 2083 bombardas
1250 2041 1304 2083 et
1327 2034 1425 2083 alia
1448 2035 1613 2083 multa
1637 2034 1807 2100 qualia

204 2119 310 2151 non
345 2102 449 2150 vidi
485 2102 538 2150 in
578 2101 758 2150 diebus
799 2102 936 2150 vitae
978 2119 1136 2150 meae.
1209 2101 1284 2150 Et
1320 2119 1423 2150 una
1460 2102 1805 2150 Sabbatorum

205 2169 439 2218 venimus
472 2170 537 2216 ad
565 2171 835 2218 Veronam.
911 2168 1009 2217 Illa
1040 2176 1116 2218 est
1148 2169 1360 2234 pulchra
1386 2170 1579 2218 Civitas
1613 2170 1805 2218 habens

205 2253 393 2292 muros,
443 2243 606 2284 castra
653 2243 705 2284 et
751 2235 1009 2285 fortalitia.
1084 2237 1158 2284 Et
1205 2237 1427 2285 vidimus
1474 2237 1543 2285 ibi
1591 2238 1805 2285 domum

205 2304 413 2351 Ditheri
443 2304 506 2352 de
538 2304 685 2360 Bern,
710 2304 800 2351 ubi
836 2304 943 2368 ipse
984 2303 1250 2352 habitavit.
1330 2304 1405 2352 Et
1440 2304 1510 2351 ibi
1547 2305 1806 2369 superavit

207 2378 261 2420 et
301 2370 631 2419 mortificavit
672 2371 865 2419 multos
905 2370 1140 2435 gigantes
1182 2371 1271 2435 qui
1319 2371 1639 2420 bellaverunt
1687 2388 1805 2419 cum
1860 2386 1895 2415 st

207 2439 331 2503 ipse.
423 2439 612 2486 Postea
660 2437 891 2486 volentes
933 2437 1219 2502 procedere,
1262 2437 1350 2486 diu
1398 2454 1502 2486 non
1541 2438 1805 2503 potuimus

208 2511 415 2571 propter
471 2512 672 2553 metum
720 2504 1142 2561 Venetianorum‚
1190 2505 1310 2569 quia
1355 2505 1620 2554 dicebatur
1666 2505 1804 2569 quod

206 2579 376 2622 essent
411 2573 463 2620 in
501 2589 694 2637 campo.
769 2572 842 2620 Et
877 2572 978 2620 fuit
1014 2589 1205 2621 verum.
1281 2572 1421 2629 Quia
1456 2579 1633 2637 postea
1668 2572 1803 2635 apud

207 2641 484 2688 Mantuam
544 2640 833 2688 audivimus
879 2656 964 2688 eos
1011 2639 1360 2695 bombardare‚
1407 2640 1527 2703 quia
1572 2638 1805 2686 iacebant

206 2713 326 2755 ante
352 2706 592 2755 Brixiam.
668 2707 742 2755 Et
773 2706 903 2755 dixit
937 2707 1101 2755 socius
1134 2723 1309 2755 meus:
1347 2714 1374 2733 ‘⁶
1394 2706 1500 2754 Hic
1529 2712 1680 2754 natus
1704 2705 1804 2754 fuit

255 2805 297 2825 ¹⁰⁶
314 2811 461 2841 montem
472 2820 484 2841 .·
510 2808 573 2841 the
591 2808 761 2841 Brenner
780 2807 875 2842 Pass.
1038 2807 1149 2853 cally,
1162 2808 1241 2841 into
1254 2817 1364 2851 many
1376 2805 1517 2840 Middle
1529 2805 1629 2851 High
1641 2805 1804 2840 German

256 2853 300 2874 ¹²²
317 2855 436 2888 Trica:
460 2854 590 2888 Trient
608 2854 653 2896 (T
655 2855 765 2895 rent).
1039 2866 1178 2900 poems,
1199 2853 1393 2898 including
1417 2852 1482 2887 the
1507 2854 1802 2897 Nibelunyenlied.

256 2899 436 2935 1“”“Ι)ἱε1ι..·
471 2901 640 2935 Dietrich
670 2912 741 2935 von
771 2901 885 2943 Bern,
918 2903 970 2935 i-e.
1039 2902 1107 2936 See
1140 2901 1190 2935 H.
1225 2899 1400 2945 Bradley,
1437 2900 1504 2934 The
1539 2900 1658 2943 Goths,
1697 2900 1801 2944 1887,

206 2948 238 2981 Τ
242 2948 413 2982 heoderic
444 2947 508 2982 the
541 2947 668 2991 Great,
703 2948 806 2992 King
838 2948 881 2982 of
907 2947 972 2982 the
1038 2948 1335 2994 chaps.XV.—xix.

207 2995 341 3038 Goths,
374 3005 414 3029 as
454 2994 690 3040 represented
731 2995 770 3028 in
810 2994 972 3030 German

208 3042 368 3086 legend:
417 3052 483 3075 von
523 3041 697 3075 Bern=“
708 3041 751 3074 of
789 3040 971 3076 Verona.”

207 3089 286 3124 The
318 3088 591 3134 amphitheatre
626 3092 665 3121 at
696 3087 738 3120 V.
772 3087 839 3121 has
879 3088 972 3122 been
1085 3083 1126 3104 ¹¹⁰
1145 3085 1221 3118 hic.-
1246 3085 1298 3117 i.e.
1317 3086 1356 3116 at
1373 3082 1513 3126 Andes,
1528 3094 1618 3117 near
1631 3083 1801 3127 Mantua,

207 3135 372 3170 ascribed
396 3140 434 3169 to
457 3135 544 3169 him.
597 3134 655 3169 He
680 3139 818 3177 enters,
836 3134 973 3180 mythi-
1038 3144 1105 3167 Rc.
1123 3132 1180 3169 70.

973 3194 1063 3235 161
1570 3201 1603 3234 L

1085 3015 1127 3036 ¹⁴⁰
1144 3017 1311 3050 Brixiam
1322 3027 1334 3049 .·
1359 3015 1519 3050 Brescia.

1831 377 1889 407 105

1833 711 1891 741 110

1838 1044 1896 1074 115

1840 1385 1898 1415 120

1842 1720 1899 1750 125

1842 2053 1900 2082 130

1838 2724 1897 2754 140
