2247 3637
177 268 232 306 11.
255 269 324 317 2⁸]
506 253 1099 311 BERNHARDUS
1152 254 1425 310 GELFF

630 491 693 539 (Ε
719 490 958 538 Tmz'rms
995 490 1311 537 ARTICULUS

273 592 335 639 ΕΚ
361 591 505 638 Dicit
544 588 883 639 Reuclzliuista
904 611 917 637 .·
970 589 1209 652 Quisquis
1247 589 1365 637 dicit
1402 605 1451 637 se
1487 595 1772 638 sustentare

172 656 461 712 Ecclesiam,
482 663 554 705 est
577 657 878 706 haereticus.-
908 656 1012 705 Sed
1029 657 1066 704 I
1064 657 1280 705 oleauues
1298 654 1627 721 Pjeff'erlcorn
1648 657 1767 705 dicit

170 741 221 773 se
242 730 523 773 sustentare
546 723 818 772 Ecclesiam
839 745 852 771 .·
884 725 1036 788 Ergo
1061 729 1131 772 est
1155 723 1441 772 haereticus.
1515 723 1767 772 stlaiorem

161 791 344 856 probo,
370 792 490 854 quia
521 791 607 855 qui
638 791 757 839 dicit
784 808 834 839 se
861 797 1142 839 sustentare
1170 789 1459 846 Ecclesiam,
1490 790 1769 854 praesumit

172 859 307 922 quod
339 864 445 906 tota
480 857 676 907 ecclesia
711 864 781 906 est
816 858 869 905 in
904 874 1092 914 errore,
1117 864 1163 906 et
1200 858 1294 906 nisi
1330 858 1432 921 ipse
1466 863 1769 906 sustentaret

170 941 291 981 eam,
329 926 528 974 caderet
562 931 609 974 et
645 925 1002 974 destrueretur.
1074 925 1252 972 Etiam
1288 924 1401 972 talis
1437 923 1636 972 videtur
1671 941 1770 973 esse

171 992 222 1039 Α
233 992 460 1056 ntipapa,
502 992 558 1040 id
589 998 659 1040 est
696 991 860 1041 volens
894 1009 993 1041 esse
1018 1009 1164 1056 papa
1199 998 1376 1040 contra
1412 990 1548 1038 illum
1574 1008 1766 1055 papam

170 1076 309 1123 quem
335 1059 482 1123 elegit
506 1060 772 1107 communis
786 1058 994 1108 ecclesia.
1072 1059 1210 1118 Quia
1227 1065 1508 1107 sustentare
1526 1057 1769 1107 ecclesiam

169 1132 238 1175 est
275 1125 484 1190 officium
530 1127 741 1191 Papae:
794 1127 882 1175 sed
916 1125 1239 1191 pfefferkorn
1286 1132 1500 1190 arrogat
1546 1124 1638 1173 sibi
1683 1125 1770 1174 lzoc

173 1192 380 1257 officium
400 1214 413 1241 .·
448 1210 571 1258 ergo
590 1200 661 1242 est
679 1194 730 1241 Α
739 1194 953 1258 utipapa
979 1200 1024 1242 et
1048 1192 1323 1242 haereticus
1347 1194 1561 1241 innuens
1578 1210 1769 1258 papam

169 1277 347 1309 errare
382 1267 427 1309 et
467 1278 567 1309 nou
605 1277 704 1309 esse
741 1260 920 1309 bonum
958 1261 1235 1308 Pastorem.
1309 1260 1492 1308 sslinor
1521 1266 1666 1324 patet
1707 1277 1770 1309 ειν

170 1326 330 1376 verbis
356 1327 600 1375 Iohannis
629 1328 774 1393 pjeff.
803 1328 889 1391 qui
911 1326 1080 1376 scribit
1115 1327 1165 1374 in
1192 1328 1355 1375 eodem
1381 1326 1506 1375 libro
1545 1335 1573 1353 ‘⁶
1593 1344 1643 1375 se
1671 1343 1770 1376 esse

169 1393 348 1442 humile
388 1394 613 1443 ecclesiae
654 1394 963 1444 membrum.”
1050 1394 1153 1442 Sed
1191 1393 1369 1442 liumile
1412 1393 1673 1442 membrum
1715 1394 1768 1441 in

170 1479 379 1526 corpore
414 1468 483 1510 est
509 1479 617 1526 pes,
647 1463 768 1526 quia
792 1462 949 1526 pedes
983 1467 1118 1509 stant
1153 1460 1302 1516 lzumi,
1329 1461 1385 1508 id
1417 1467 1486 1508 est
1522 1461 1575 1508 iu
1613 1467 1764 1509 terra.

168 1529 331 1577 Pedes
366 1535 530 1578 autem
564 1535 845 1578 sustentant
880 1545 1060 1593 corpus
1095 1534 1141 1576 et
1176 1528 1351 1576 amotis
1378 1527 1589 1591 pedibus
1635 1528 1769 1576 cadit

169 1612 381 1660 corpus:
416 1597 568 1661 Ergo
593 1595 923 1661 Pfefferlcorn
944 1595 1228 1659 praesumit
1253 1595 1388 1658 quod
1414 1595 1642 1643 Ecclesia
1666 1602 1764 1643 stat

168 1663 218 1710 in
245 1680 309 1718 se,
336 1670 382 1712 et
404 1664 508 1728 ipse
530 1670 775 1711 sustentat
798 1662 1055 1711 ecclesiam.

270 1732 332 1779 (I
359 1731 668 1796 Respondeo
693 1730 832 1794 quod
858 1729 1183 1777 Pfefferkorn
1209 1745 1309 1776 non
1338 1729 1496 1776 sumit
1520 1727 1766 1776 terminos

167 1797 235 1846 sic
261 1798 450 1852 stricte,
478 1805 530 1845 et
553 1804 708 1862 prout
731 1797 782 1844 in
809 1814 898 1845 sua
922 1797 1085 1861 prima
1110 1796 1434 1860 impositione
1461 1796 1762 1860 significant.

168 1865 269 1913 Sed
308 1864 431 1912 dicit
474 1881 524 1912 se
560 1865 867 1920 membrum,
905 1864 954 1911 id
994 1870 1070 1911 est
1105 1869 1305 1928 partem
1341 1863 1596 1919 ecelesiae,
1634 1862 1766 1910 sieut

166 1932 332 1980 omnis
357 1933 513 1979 homo
541 1931 860 1980 Christianus
885 1931 1073 1979 dicitur
1093 1947 1200 1978 esse
1218 1947 1333 1995 pars
1354 1930 1614 1978 Ecclesiae
1637 1948 1646 1978 ε
1684 1930 1765 1978 vel

166 1998 321 2047 etiam
357 2008 385 2026 ‘⁶
403 2000 696 2047 membrum
719 2000 743 2015 '⁷
769 1999 910 2063 largo
929 1999 1130 2061 [modo]
1156 1998 1350 2046 utendo
1369 1997 1617 2046 terminis.
1690 1997 1764 2044 Et

165 2067 384 2114 sumitur
430 2067 499 2114 ibi
542 2066 839 2113 “humilis’'
880 2083 972 2130 pro
1015 2066 1205 2114 devoto
1247 2072 1299 2113 et
1337 2065 1584 2129 simplici:
1634 2064 1765 2113 sieut

162 2134 319 2181 etiam
345 2134 396 2181 in
421 2134 658 2198 Epistola
683 2135 746 2181 ad
772 2134 970 2198 Papam
996 2133 1131 2181 idem
1160 2133 1412 2180 Iohannes
1439 2132 1764 2180 Pfefferkorn

163 2201 317 2248 dicit:
351 2209 378 2227 ‘⁶
402 2200 715 2264 Quanquam
740 2201 952 2248 minime
975 2200 1160 2265 dignus
1186 2217 1299 2248 sum
1324 2206 1383 2247 ut
1409 2200 1490 2247 vel
1514 2200 1578 2247 ad
1602 2216 1762 2247 saera-

161 2267 265 2315 tiss.
306 2269 458 2333 pedes
493 2275 610 2315 tuos
647 2269 772 2316 ete.’'
866 2267 1008 2332 Ergo
1045 2285 1148 2316 non
1184 2267 1338 2315 debet
1373 2266 1590 2331 intelligi
1625 2266 1764 2330 quod

163 2335 484 2383 Pfefferkorn
509 2335 737 2399 loquitur
761 2341 938 2383 contra
964 2336 1175 2399 Papam.

603 2540 666 2587 (li
692 2538 954 2594 QUARTUS
991 2539 1306 2586 ARTICULUS

261 2641 323 2688 (I
348 2640 493 2688 Dicit
527 2638 899 2688 Reucliliuista:
939 2638 1271 2704 Pjefferltoru
1307 2644 1437 2686 tenet
1473 2636 1608 2700 quod
1623 2635 1759 2699 fides

164 2705 452 2754 Christiana
488 2713 558 2755 est
576 2705 741 2772 falsa,
768 2713 814 2755 et
842 2706 930 2754 lioc
952 2707 1147 2754 suismet
1177 2704 1337 2754 verbis
1372 2702 1600 2768 cffrmat.
1674 2702 1759 2750 Sic

159 2773 303 2821 etiam
346 2773 514 2821 scribit
554 2791 604 2822 se
645 2774 826 2822 dimisse
866 2773 936 2821 ad
972 2772 1418 2837 Dloguntinensem
1449 2770 1756 2833 Episcopum

159 2840 212 2886 z‘n
249 2838 374 2887 libro
398 2840 643 2904 praefato
678 2841 750 2888 D.
785 2842 842 2888 J.
862 2861 875 2888 :
912 2849 939 2867 ‘⁶
958 2841 1016 2888 Si
1036 2840 1171 2905 fides
1207 2838 1491 2887 Christiana
1521 2843 1590 2884 est
1620 2852 1755 2893 vera,

1802 735 1841 765 95

1804 1069 1865 1099 100

1804 1405 1864 1434 105

1802 1739 1863 1768 110

1800 2079 1864 2108 115

1795 2552 1858 2582 120

160 2905 405 2954 Reucleliu
431 2907 617 2954 nullam
622 2908 892 2971 peifidiam
912 2907 1027 2954 vmilii
1035 2906 1284 2972 facturus
1302 2905 1414 2952 est.‘⁷
1463 2903 1566 2951 Sed
1576 2910 1755 2967 postea
1792 2920 1855 2950 125«

155 2973 271 3037 plus
306 2990 454 3036 quam
490 2974 544 3020 iu
580 2974 802 3022 ducentis
826 2973 940 3022 locis
975 2979 1022 3022 et
1057 2973 1202 3021 etiam
1244 2973 1298 3019 iu
1335 2970 1447 3018 aliis
1480 2971 1582 3018 suis
1619 2969 1757 3018 libris

150 3041 302 3104 prius·
325 3040 523 3105 scriptis
548 3047 688 3088 vocat
714 3041 990 3089 Iohannem
1015 3038 1256 3088 Reuclzliu
1274 3037 1528 3102 perfidum
1544 3057 1566 3092 ,·
1604 3038 1755 3101 Ergo

380 3136 426 3155 ¹⁸²
451 3137 600 3178 imposit.
612 3147 624 3169 .·
649 3134 782 3169 almost
799 3135 945 3180 exactly
961 3133 1173 3180 equivalent
1190 3138 1229 3168 to
1249 3134 1275 3150 “
1286 3132 1545 3178 application.”

918 3197 1012 3237 193
1518 3204 1554 3236 N
