2247 3637
193 274 314 325 122]
406 261 939 318 GERHARDUS
994 261 1635 319 SCHIRRUGLIUS

194 371 470 447 Supposita
527 388 630 419 non
689 370 885 418 faciunt
942 388 1028 419 rex
1032 371 1278 419 erentiam
1336 371 1608 434 magistris.
1712 370 1785 417 Et

192 439 421 515 magistri
468 455 571 486 non
618 438 810 485 habent
858 438 1229 486 adveltentiam
1283 437 1347 485 ad
1405 439 1683 502 supposita,
1732 443 1784 485 et

193 507 413 554 mittunt
461 522 545 554 eos
603 505 672 553 ire
725 505 985 569 quomodo
1044 505 1256 561 volunt;
1316 511 1369 552 et
1416 521 1518 552 non
1576 510 1786 569 portant

194 574 412 639 caputia.
485 572 560 619 Et
600 573 808 636 quando
850 578 971 620 sunt
1013 571 1064 619 in
1106 572 1269 621 zechis
1312 571 1375 618 ad
1417 571 1614 628 vinum,
1656 579 1783 619 tunc

193 640 362 689 iurant
414 656 503 704 per
548 639 721 695 deum,
770 645 822 687 et
871 639 1224 704 blasphemant
1271 645 1324 687 et
1369 639 1567 687 faciunt
1620 638 1785 686 multa

193 707 440 756 scandala.
516 706 661 754 Sicut
707 723 871 781 nuper
917 724 1049 755 unus
1096 707 1227 754 dixit
1268 706 1407 770 quod
1454 723 1558 754 non
1606 705 1783 761 credit,

193 775 332 839 quod
356 773 533 821 tunica
558 773 788 821 domini
778 791 829 821 ln
855 773 1088 822 'lreveris
1109 781 1241 822 esset
1264 774 1440 822 tunica
1463 773 1674 829 domini,
1696 773 1783 820 sed

193 859 296 890 una
331 840 541 904 antiqua
577 846 628 889 et
665 841 959 905 pediculosa
994 842 1176 889 vestis:
1214 848 1265 888 et
1301 858 1405 889 non
1438 840 1597 888 credit
1626 839 1783 888 etiam

192 908 332 973 quod
369 907 518 956 crinis
554 908 732 956 beatae
768 908 975 973 virginis
1011 915 1088 956 est
1129 908 1297 956 adhuc
1338 907 1390 955 in
1427 908 1637 956 mundo.
1710 907 1785 954 Et

193 993 325 1024 unus
368 976 496 1023 alter
536 975 682 1032 dixit,
721 976 860 1039 quod
902 976 1138 1040 possibile
1179 983 1271 1031 est,
1314 975 1453 1040 quod
1495 982 1598 1023 tres
1640 991 1784 1038 reges

193 1044 245 1091 in
267 1043 481 1091 Colonia
505 1049 627 1091 sunt
650 1048 752 1090 tres
772 1043 947 1091 rustici
967 1061 1030 1091 ex
1055 1042 1364 1108 Vestphalia.
1427 1042 1501 1090 Et
1520 1043 1567 1106 q'
1584 1041 1784 1106 gladius

194 1117 246 1159 et
294 1110 485 1175 clipeus
544 1110 706 1159 sancti
768 1110 1034 1158 Michaelis
1093 1127 1197 1158 non
1246 1116 1367 1158 sunt
1425 1110 1488 1157 ad
1548 1115 1784 1157 sanctum

196 1177 519 1226 Michaelem.
593 1178 770 1225 Etiam
813 1177 944 1225 dixit
984 1177 1123 1241 quod
1166 1177 1320 1225 vellet
1363 1177 1594 1224 merdare
1635 1193 1786 1240 super

194 1245 539 1309 indulgentias
585 1246 802 1292 fratrum
850 1245 1273 1309 praedicatorum,
1316 1245 1437 1307 quia
1481 1243 1576 1308 ipsi
1617 1249 1785 1292 essent

196 1313 427 1368 bufones,
477 1319 529 1360 et
576 1312 869 1376 deciperent
927 1312 1164 1360 mulieres
1212 1319 1264 1360 et
1310 1311 1540 1359 rusticos,
1636 1311 1786 1358 Tunc

195 1397 291 1444 ego
316 1379 450 1427 dixi:
489 1380 625 1426 “Ad
649 1380 837 1444 ignem,
864 1380 928 1427 ad
962 1379 1134 1444 ignem
1172 1395 1290 1426 cum
1326 1378 1424 1426 isto
1461 1377 1787 1426 haeretico:'’

195 1454 247 1495 et
289 1447 395 1511 ipse
437 1446 609 1494 derisit
648 1464 744 1494 me.
817 1446 935 1511 Ego
979 1463 1097 1494 vero
1139 1445 1274 1493 dixi:
1330 1453 1435 1494 “tu
1477 1444 1685 1501 ribalde,
1727 1451 1786 1492 tu

195 1514 403 1562 deberes
426 1514 548 1561 talia
572 1514 753 1570 dicere,
779 1514 918 1577 quod
951 1513 1195 1577 magister
1229 1520 1402 1561 noster
1439 1511 1787 1560 Hochstratus

195 1581 247 1629 in
291 1581 505 1629 Colonia
546 1581 758 1635 audiret,
796 1580 883 1644 qui
925 1586 1004 1628 est
1044 1579 1315 1644 inquisitor
1355 1580 1637 1627 haereticae
1679 1595 1787 1643 pra-

196 1648 416 1696 vitatiS.”
467 1649 512 1696 T
517 1664 616 1695 unc
641 1648 802 1696 dixit:
840 1655 868 1674 ‘⁶
888 1647 1240 1695 Hochstratus
1264 1653 1342 1695 est
1367 1663 1469 1694 una
1493 1646 1789 1695 execrabilis

195 1722 249 1764 et
272 1715 545 1764 maledicta
564 1715 725 1763 bestia
743 1734 753 1771 3
770 1715 794 1731 ”
820 1721 871 1762 et
898 1714 1164 1763 maledixit
1190 1714 1235 1762 ei
1259 1721 1312 1762 et
1336 1713 1495 1761 dixit:
1524 1722 1551 1740 ‘⁵
1571 1714 1790 1761 Ioannes

197 1783 454 1831 Reuchlin
496 1789 574 1830 est
614 1783 803 1847 probus
840 1782 930 1838 vir,
968 1789 1021 1830 et
1060 1781 1290 1846 theologi
1331 1787 1452 1829 sunt
1494 1781 1699 1836 diaboli,
1739 1787 1790 1829 et

194 1850 382 1898 iniuste
406 1850 762 1898 iudicaverunt
779 1850 986 1914 quando
1011 1850 1404 1898 combusserunt
1427 1865 1578 1896 suum
1602 1848 1790 1896 librum

195 1918 284 1981 qui
321 1924 534 1966 vocatur
572 1917 852 1982 Speculum
886 1916 1135 1965 oculare.”
1206 1917 1354 1964 Tunc
1391 1932 1487 1980 ego
1523 1915 1790 1979 respondi:

195 1994 223 2011 ‘⁶
241 1985 364 2032 Noli
382 1985 549 2034 dicere
567 1984 679 2040 hoc,
700 1985 820 2048 quia
839 1984 1088 2049 scriptum
1111 1984 1329 2031 habetur
1352 1982 1404 2030 in
1430 1982 1792 2031 Ecclesiastico

196 2053 362 2117 capite
387 2053 547 2100 VIII.
569 2069 578 2099 :
611 2059 622 2077 ‘
640 2051 761 2099 Non
786 2051 978 2100 iudices
1003 2057 1181 2099 contra
1205 2050 1443 2107 iudicem,
1468 2051 1590 2114 quia
1614 2066 1792 2098 secun-

195 2119 321 2167 dum
363 2119 501 2183 quod
542 2120 738 2167 iustum
781 2126 859 2168 est
899 2119 1126 2167 iudicat?
1188 2118 1272 2166 Tu
1308 2118 1466 2174 vides,
1501 2118 1640 2181 quod
1679 2117 1792 2165 uni-

197 2186 406 2235 versitas
443 2186 818 2241 Parrhisiensis,
857 2187 945 2234 ubi
982 2192 1103 2234 sunt
1138 2185 1367 2249 theologi
1409 2183 1794 2250 profundissimi

196 2260 249 2302 et
273 2253 439 2310 zelosi‚
467 2260 520 2302 et
544 2253 633 2318 qui
668 2271 773 2302 non
808 2259 1023 2318 possunt
1048 2270 1228 2309 errare,
1254 2253 1410 2301 etiam
1439 2252 1793 2299 iudicaverunt

197 2323 270 2369 ita
295 2321 426 2369 sicut
452 2322 814 2378 Colonienses;
852 2337 1008 2385 quare
1033 2337 1153 2385 ergo
1179 2320 1253 2368 vis
1279 2336 1386 2368 esse
1415 2326 1593 2367 contra
1623 2325 1793 2367 totam

197 2388 494 2437 ecclesiam
482 2390 526 2423 2’
601 2388 788 2437 Tunc
777 2405 885 2453 ipse
909 2388 1040 2436 dixit
1065 2387 1204 2451 quod
1230 2386 1600 2435 Parrhisienses
1626 2391 1794 2435 essent

196 2455 502 2520 iniquissimi
549 2455 755 2512 iudices,
805 2462 856 2503 et
903 2455 1043 2519 quod
1091 2461 1398 2519 acceperunt
1445 2453 1718 2529 pecuniam
1766 2469 1794 2499 a

196 2523 437 2572 fratribus
467 2523 530 2571 de
555 2523 731 2571 ordine
766 2523 1195 2587 praedicatorum,
1210 2539 1377 2598 ‘quam
1414 2521 1640 2586 portavit
1675 2519 1794 2594 ipsis

199 2596 279 2649 (ut
304 2591 388 2638 ille
413 2607 635 2655 nequam
661 2590 931 2650 mentitui)
953 2590 1147 2638 zelosus
1173 2589 1247 2637 vir
1272 2595 1323 2637 et
1341 2588 1611 2651 theologus
1637 2587 1795 2634 scien-

194 2657 520 2714 tificissimus,
538 2658 777 2705 dominus
796 2658 841 2705 'l
847 2657 1143 2705 heodericus
1162 2656 1224 2703 de
1243 2656 1442 2711 Ganda,
1464 2655 1664 2718 legatus
1685 2653 1794 2700 uni-

197 2741 227 2771 v
233 2725 448 2773 ersitatis
469 2725 803 2773 Coloniensis
864 2724 938 2772 Et
962 2725 1130 2772 adhuc
1155 2723 1288 2771 dixit
1306 2723 1444 2786 quod
1470 2721 1565 2769 ista
1589 2737 1694 2768 non
1719 2726 1797 2768 est

246 2857 272 2878 ¹⁸
297 2862 463 2893 tunicam.
516 2861 583 2895 See
601 2861 622 2894 i.
644 2863 701 2903 11,
720 2872 755 2894 ⁷1.
1035 2857 1223 2891 Erhardus
1237 2856 1440 2897 lVinheim,
1453 2857 1656 2889 Sacrarium
1669 2858 1796 2899 Agrip·

1030 2907 1150 2948 piune,
1170 2903 1348 2948 Cologne,
1371 2903 1474 2944 1607,
1494 2913 1527 2947 p.
1551 2903 1626 2936 179.

248 2949 275 2969 ²⁰
299 2953 433 2985 crinis:
465 2963 486 2984 a
515 2956 582 2985 not
611 2963 833 2986 uncommon
862 2951 962 2986 relic.
1082 2950 1108 2969 ²1
1134 2963 1191 2994 νος
1193 2962 1244 2984 es.
1243 2962 1250 2969 ·
1278 2950 1342 2984 the
1369 2949 1675 2995 Magi—Kaspar‚
1703 2949 1797 2984 Mel-

199 2998 233 3032 A
251 2997 353 3043 large
379 2999 549 3043 quantity
573 2998 737 3044 brought
761 2999 854 3032 from
881 2999 963 3032 Jer-
1034 2998 1147 3039 chior,
1159 2997 1230 3030 and
1252 2996 1453 3030 Balthasar.
1496 2996 1569 3030 For
1585 3008 1605 3030 a
1622 2997 1718 3042 good
1736 2997 1798 3030 de-

201 3044 339 3079 usalem
360 3055 429 3077 was
455 3044 644 3088 deposited
671 3050 709 3079 at
733 3045 874 3080 Oviedo
891 3046 964 3079 and
1033 3025 1210 3089 script'ion
1229 3044 1270 3078 of
1283 3044 1346 3077 the
1365 3043 1506 3077 famous
1519 3043 1659 3086 shrine,
1678 3055 1738 3078 see
1760 3044 1795 3078 F

200 3093 384 3136 Astorga3
402 3090 479 3125 also
493 3095 532 3125 at
543 3092 608 3126 the
622 3091 751 3137 Abbey
765 3092 807 3126 of
820 3092 963 3127 Gorbie.
1034 3092 1147 3132 Bock,
1163 3092 1236 3124 Der
1250 3092 1386 3124 chns--t
1402 3092 1478 3124 und
1494 3071 1798 3134 Reliquieizschatz

202 3139 273 3173 For
313 3149 360 3172 311
401 3138 567 3172 instance
607 3142 645 3172 at
687 3138 866 3184 Cologue‚
904 3150 964 3173 see
1033 3140 1155 3172 desK
1156 3139 1241 3171 aner
1259 3139 1378 3180 Doms,
1399 3136 1575 3182 Cologne,
1597 3138 1697 3176 1870.

973 3198 1035 3240 59

1820 591 1858 620 15

1820 924 1857 952 20

1820 1259 1858 1288 25

1823 1601 1861 1631 30

1825 1936 1863 1966 35

1828 2272 1866 2300 40

1830 2605 1868 2634 45
