<?xml version="1.0" encoding="UTF-8"?>
<!DOCTYPE html PUBLIC "-//W3C//DTD XHTML 1.0 Transitional//EN"
    "http://www.w3.org/TR/xhtml1/DTD/xhtml1-transitional.dtd">
<html xmlns="http://www.w3.org/1999/xhtml" xml:lang="en" lang="en">
 <head>
  <title>
</title>
<meta http-equiv="Content-Type" content="text/html;charset=utf-8" />
  <meta name='ocr-system' content='tesseract 3.04.00' />
  <meta name='ocr-capabilities' content='ocr_page ocr_carea ocr_par ocr_line ocrx_word'/>
</head>
<body>
  <div class='ocr_page' id='page_1' title='image "./epistolaeobscuro00huttuoft_0424.png"; bbox 0 0 2247 3637; ppageno 0'>
   <div class='ocr_carea' id='block_1_1' title="bbox 369 289 1958 348">
    <p class='ocr_par' dir='ltr' id='par_1_1' title="bbox 369 289 1958 348">
     <span class='ocr_line' id='line_1_1' title="bbox 369 289 1958 348; baseline -0.001 -3"><span class='ocrx_word' id='word_1_1' title='bbox 369 289 840 346; x_wconf 83' lang='lat' dir='ltr'>EPISTOLAE</span> <span class='ocrx_word' id='word_1_2' title='bbox 904 289 1494 348; x_wconf 81' lang='lat' dir='ltr'>OBSCURORUM</span> <span class='ocrx_word' id='word_1_3' title='bbox 1548 289 1958 346; x_wconf 83' lang='lat' dir='ltr'>VIRORUM</span> 
     </span>
    </p>
   </div>
   <div class='ocr_carea' id='block_1_2' title="bbox 296 397 1962 666">
    <p class='ocr_par' dir='ltr' id='par_1_2' title="bbox 367 397 1961 531">
     <span class='ocr_line' id='line_1_2' title="bbox 367 397 1961 464; baseline -0.001 -18"><span class='ocrx_word' id='word_1_4' title='bbox 367 398 591 464; x_wconf 84' lang='lat' dir='ltr'>pinguia,</span> <span class='ocrx_word' id='word_1_5' title='bbox 628 404 680 447; x_wconf 94' lang='lat' dir='ltr'>et</span> <span class='ocrx_word' id='word_1_6' title='bbox 715 405 899 464; x_wconf 92' lang='lat' dir='ltr'>poetae</span> <span class='ocrx_word' id='word_1_7' title='bbox 940 400 1029 464; x_wconf 92' lang='lat' dir='ltr'>qui</span> <span class='ocrx_word' id='word_1_8' title='bbox 1070 406 1190 448; x_wconf 88' lang='lat' dir='ltr'>sunt</span> <span class='ocrx_word' id='word_1_9' title='bbox 1226 399 1311 455; x_wconf 87' lang='lat' dir='ltr'>ibi,</span> <span class='ocrx_word' id='word_1_10' title='bbox 1353 397 1550 446; x_wconf 87' lang='lat' dir='ltr'>faciunt</span> <span class='ocrx_word' id='word_1_11' title='bbox 1591 397 1756 446; x_wconf 90' lang='lat' dir='ltr'>multa</span> <span class='ocrx_word' id='word_1_12' title='bbox 1797 403 1961 445; x_wconf 89' lang='lat' dir='ltr'>metra</span> 
     </span>
     <span class='ocr_line' id='line_1_3' title="bbox 369 464 1961 531; baseline -0.001 -18"><span class='ocrx_word' id='word_1_13' title='bbox 369 472 546 514; x_wconf 93' lang='lat' dir='ltr'>contra</span> <span class='ocrx_word' id='word_1_14' title='bbox 581 465 740 514; x_wconf 77' lang='lat' dir='ltr'>illum,</span> <span class='ocrx_word' id='word_1_15' title='bbox 813 466 959 514; x_wconf 90' lang='lat' dir='ltr'>Alias</span> <span class='ocrx_word' id='word_1_16' title='bbox 983 467 1140 515; x_wconf 87' lang='lat' dir='ltr'>nichil</span> <span class='ocrx_word' id='word_1_17' title='bbox 1165 466 1266 514; x_wconf 90' lang='lat' dir='ltr'>scio</span> <span class='ocrx_word' id='word_1_18' title='bbox 1296 465 1390 513; x_wconf 90' lang='lat' dir='ltr'>nisi</span> <span class='ocrx_word' id='word_1_19' title='bbox 1419 465 1558 531; x_wconf 92' lang='lat' dir='ltr'>quod</span> <span class='ocrx_word' id='word_1_20' title='bbox 1587 464 1824 512; x_wconf 91' lang='lat' dir='ltr'>dominus</span> <span class='ocrx_word' id='word_1_21' title='bbox 1852 470 1961 512; x_wconf 89' lang='lat' dir='ltr'>tam</span> 
     </span>
    </p>

    <p class='ocr_par' dir='ltr' id='par_1_3' title="bbox 296 531 1962 666">
     <span class='ocr_line' id='line_1_4' title="bbox 296 531 1962 598; baseline -0.001 -19"><span class='ocrx_word' id='word_1_22' title='bbox 296 548 333 579; x_wconf 75' lang='grc' dir='ltr'>το</span> <span class='ocrx_word' id='word_1_23' title='bbox 369 533 456 580; x_wconf 91' lang='lat' dir='ltr'>diu</span> <span class='ocrx_word' id='word_1_24' title='bbox 491 539 667 581; x_wconf 91' lang='lat' dir='ltr'>teneat</span> <span class='ocrx_word' id='word_1_25' title='bbox 690 550 781 581; x_wconf 86' lang='lat' dir='ltr'>vos</span> <span class='ocrx_word' id='word_1_26' title='bbox 807 549 987 581; x_wconf 90' lang='lat' dir='ltr'>sanum</span> <span class='ocrx_word' id='word_1_27' title='bbox 1013 551 1169 598; x_wconf 90' lang='lat' dir='ltr'>quam</span> <span class='ocrx_word' id='word_1_28' title='bbox 1194 534 1280 581; x_wconf 92' lang='lat' dir='ltr'>diu</span> <span class='ocrx_word' id='word_1_29' title='bbox 1306 548 1436 580; x_wconf 90' lang='lat' dir='ltr'>unus</span> <span class='ocrx_word' id='word_1_30' title='bbox 1464 531 1774 597; x_wconf 80' lang='lat' dir='ltr'>supercurrit</span> <span class='ocrx_word' id='word_1_31' title='bbox 1798 546 1962 579; x_wconf 92' lang='lat' dir='ltr'>unum</span> 
     </span>
     <span class='ocr_line' id='line_1_5' title="bbox 371 600 1254 666; baseline 0 -18"><span class='ocrx_word' id='word_1_32' title='bbox 371 600 580 648; x_wconf 81' lang='lat' dir='ltr'><strong>Canem.</strong></span> <span class='ocrx_word' id='word_1_33' title='bbox 653 601 838 649; x_wconf 93' lang='lat' dir='ltr'>Valete</span> <span class='ocrx_word' id='word_1_34' title='bbox 862 617 925 648; x_wconf 85' lang='lat' dir='ltr'>ex</span> <span class='ocrx_word' id='word_1_35' title='bbox 950 601 1254 666; x_wconf 86' lang='lat' dir='ltr'>Argentina.</span> 
     </span>
    </p>
   </div>
   <div class='ocr_carea' id='block_1_3' title="bbox 1061 865 1261 913">
    <p class='ocr_par' dir='ltr' id='par_1_4' title="bbox 1061 865 1261 913">
     <span class='ocr_line' id='line_1_6' title="bbox 1061 865 1261 913; baseline 0.005 -1"><span class='ocrx_word' id='word_1_36' title='bbox 1061 865 1261 913; x_wconf 85' lang='lat' dir='ltr'>LXIX</span> 
     </span>
    </p>
   </div>
   <div class='ocr_carea' id='block_1_4' title="bbox 496 998 1831 1131">
    <p class='ocr_par' dir='ltr' id='par_1_5' title="bbox 496 998 1831 1131">
     <span class='ocr_line' id='line_1_7' title="bbox 496 998 1831 1049; baseline -0.004 0"><span class='ocrx_word' id='word_1_37' title='bbox 496 1001 559 1049; x_wconf 65' lang='lat' dir='ltr'>CI</span> <span class='ocrx_word' id='word_1_38' title='bbox 597 999 671 1047; x_wconf 81' lang='lat' dir='ltr'><em>M</em></span> <span class='ocrx_word' id='word_1_39' title='bbox 665 1000 716 1047; x_wconf 87' lang='grc' dir='ltr'><em>Α</em></span> <span class='ocrx_word' id='word_1_40' title='bbox 725 1001 775 1046; x_wconf 81' lang='lat' dir='ltr'><em>R</em></span> <span class='ocrx_word' id='word_1_41' title='bbox 782 1000 1057 1048; x_wconf 84' lang='lat' dir='ltr'><em>COLPH</em></span> <span class='ocrx_word' id='word_1_42' title='bbox 1061 1000 1115 1047; x_wconf 93' lang='lat' dir='ltr'><em>U</em></span> <span class='ocrx_word' id='word_1_43' title='bbox 1110 1001 1154 1047; x_wconf 79' lang='lat' dir='ltr'><em>S</em></span> <span class='ocrx_word' id='word_1_44' title='bbox 1196 1000 1284 1048; x_wconf 82' lang='lat' dir='ltr'>SC</span> <span class='ocrx_word' id='word_1_45' title='bbox 1290 1000 1344 1047; x_wconf 90' lang='lat' dir='ltr'><em>U</em></span> <span class='ocrx_word' id='word_1_46' title='bbox 1338 999 1389 1046; x_wconf 93' lang='lat' dir='ltr'><em>L</em></span> <span class='ocrx_word' id='word_1_47' title='bbox 1401 1000 1504 1046; x_wconf 85' lang='lat' dir='ltr'>TE</span> <span class='ocrx_word' id='word_1_48' title='bbox 1513 999 1601 1046; x_wconf 86' lang='lat' dir='ltr'>TI</span> <span class='ocrx_word' id='word_1_49' title='bbox 1643 998 1831 1047; x_wconf 74' lang='lat' dir='ltr'>Ioanni</span> 
     </span>
     <span class='ocr_line' id='line_1_8' title="bbox 737 1065 1595 1131; baseline -0.001 -18"><span class='ocrx_word' id='word_1_50' title='bbox 737 1066 1252 1131; x_wconf 75' lang='lat' dir='ltr'>Bimperlenbumpun</span> <span class='ocrx_word' id='word_1_51' title='bbox 1276 1084 1338 1115; x_wconf 63' lang='lat' dir='ltr'>ea]</span> <span class='ocrx_word' id='word_1_52' title='bbox 1362 1065 1595 1114; x_wconf 65' lang='lat' dir='ltr'>Rorbczclc</span> 
     </span>
    </p>
   </div>
   <div class='ocr_carea' id='block_1_5' title="bbox 302 1199 1979 2874">
    <p class='ocr_par' dir='ltr' id='par_1_6' title="bbox 302 1199 1979 2874">
     <span class='ocr_line' id='line_1_9' title="bbox 469 1199 1964 1256; baseline -0.001 -9"><span class='ocrx_word' id='word_1_53' title='bbox 469 1200 770 1248; x_wconf 85' lang='lat' dir='ltr'>ALUTES</span> <span class='ocrx_word' id='word_1_54' title='bbox 797 1200 1019 1248; x_wconf 91' lang='lat' dir='ltr'>infinitas</span> <span class='ocrx_word' id='word_1_55' title='bbox 1040 1207 1091 1248; x_wconf 88' lang='lat' dir='ltr'>et</span> <span class='ocrx_word' id='word_1_56' title='bbox 1111 1200 1438 1248; x_wconf 90' lang='lat' dir='ltr'>immortales.</span> <span class='ocrx_word' id='word_1_57' title='bbox 1494 1199 1702 1248; x_wconf 89' lang='lat' dir='ltr'>Dilecte</span> <span class='ocrx_word' id='word_1_58' title='bbox 1729 1200 1964 1256; x_wconf 88' lang='lat' dir='ltr'>Ioannes,</span> 
     </span>
     <span class='ocr_line' id='line_1_10' title="bbox 501 1266 1967 1332; baseline -0.001 -17"><span class='ocrx_word' id='word_1_59' title='bbox 501 1284 591 1315; x_wconf 87' lang='lat' dir='ltr'>vos</span> <span class='ocrx_word' id='word_1_60' title='bbox 607 1266 874 1331; x_wconf 80' lang='lat' dir='ltr'>scripsistis</span> <span class='ocrx_word' id='word_1_61' title='bbox 894 1267 1018 1316; x_wconf 91' lang='lat' dir='ltr'>mihi</span> <span class='ocrx_word' id='word_1_62' title='bbox 1038 1284 1199 1332; x_wconf 86' lang='lat' dir='ltr'>nuper</span> <span class='ocrx_word' id='word_1_63' title='bbox 1218 1268 1410 1331; x_wconf 92' lang='lat' dir='ltr'>aliquas</span> <span class='ocrx_word' id='word_1_64' title='bbox 1430 1267 1701 1322; x_wconf 79' lang='lat' dir='ltr'>novitates,</span> <span class='ocrx_word' id='word_1_65' title='bbox 1719 1283 1844 1330; x_wconf 91' lang='lat' dir='ltr'>quas</span> <span class='ocrx_word' id='word_1_66' title='bbox 1863 1282 1967 1314; x_wconf 89' lang='lat' dir='ltr'>non</span> 
     </span>
     <span class='ocr_line' id='line_1_11' title="bbox 320 1333 1967 1397; baseline -0.001 -15"><span class='ocrx_word' id='word_1_67' title='bbox 320 1347 338 1376; x_wconf 80' lang='lat'>5</span> <span class='ocrx_word' id='word_1_68' title='bbox 373 1335 590 1382; x_wconf 90' lang='lat' dir='ltr'>libenter</span> <span class='ocrx_word' id='word_1_69' title='bbox 614 1335 801 1391; x_wconf 89' lang='lat' dir='ltr'>audivi,</span> <span class='ocrx_word' id='word_1_70' title='bbox 827 1334 1065 1383; x_wconf 91' lang='lat' dir='ltr'>videlicet</span> <span class='ocrx_word' id='word_1_71' title='bbox 1088 1335 1152 1382; x_wconf 90' lang='lat' dir='ltr'>de</span> <span class='ocrx_word' id='word_1_72' title='bbox 1178 1336 1372 1383; x_wconf 84' lang='lat' dir='ltr'>Ioanne</span> <span class='ocrx_word' id='word_1_73' title='bbox 1398 1334 1654 1382; x_wconf 85' lang='lat' dir='ltr'>Reuchlin</span> <span class='ocrx_word' id='word_1_74' title='bbox 1672 1333 1811 1397; x_wconf 90' lang='lat' dir='ltr'>quod</span> <span class='ocrx_word' id='word_1_75' title='bbox 1830 1350 1967 1381; x_wconf 89' lang='lat' dir='ltr'>com-</span> 
     </span>
     <span class='ocr_line' id='line_1_12' title="bbox 373 1400 1969 1467; baseline -0.001 -18"><span class='ocrx_word' id='word_1_76' title='bbox 373 1402 573 1466; x_wconf 87' lang='lat' dir='ltr'>paravit</span> <span class='ocrx_word' id='word_1_77' title='bbox 615 1401 708 1450; x_wconf 87' lang='lat' dir='ltr'>sibi</span> <span class='ocrx_word' id='word_1_78' title='bbox 744 1418 987 1467; x_wconf 87' lang='lat' dir='ltr'>magnam</span> <span class='ocrx_word' id='word_1_79' title='bbox 1028 1401 1242 1466; x_wconf 82' lang='lat' dir='ltr'>gloriam</span> <span class='ocrx_word' id='word_1_80' title='bbox 1284 1402 1419 1466; x_wconf 89' lang='lat' dir='ltr'>apud</span> <span class='ocrx_word' id='word_1_81' title='bbox 1456 1418 1571 1449; x_wconf 90' lang='lat' dir='ltr'>suos</span> <span class='ocrx_word' id='word_1_82' title='bbox 1613 1406 1807 1465; x_wconf 89' lang='lat' dir='ltr'>poetas,</span> <span class='ocrx_word' id='word_1_83' title='bbox 1849 1400 1969 1464; x_wconf 90' lang='lat' dir='ltr'>quia</span> 
     </span>
     <span class='ocr_line' id='line_1_13' title="bbox 371 1467 1969 1533; baseline -0.001 -17"><span class='ocrx_word' id='word_1_84' title='bbox 371 1468 495 1517; x_wconf 84' lang='lat' dir='ltr'>fecit</span> <span class='ocrx_word' id='word_1_85' title='bbox 542 1485 704 1517; x_wconf 90' lang='lat' dir='ltr'>unum</span> <span class='ocrx_word' id='word_1_86' title='bbox 749 1468 938 1517; x_wconf 89' lang='lat' dir='ltr'>librum</span> <span class='ocrx_word' id='word_1_87' title='bbox 985 1468 1072 1533; x_wconf 90' lang='lat' dir='ltr'>qui</span> <span class='ocrx_word' id='word_1_88' title='bbox 1118 1468 1410 1517; x_wconf 86' lang='lat' dir='ltr'>intitulatur</span> <span class='ocrx_word' id='word_1_89' title='bbox 1459 1477 1486 1496; x_wconf 78' lang='lat'>‘⁶</span> <span class='ocrx_word' id='word_1_90' title='bbox 1510 1468 1841 1516; x_wconf 88' lang='lat' dir='ltr'>Gabellistica</span> <span class='ocrx_word' id='word_1_91' title='bbox 1887 1467 1969 1516; x_wconf 86' lang='lat' dir='ltr'>vel</span> 
     </span>
     <span class='ocr_line' id='line_1_14' title="bbox 374 1535 1967 1600; baseline -0.001 -17"><span class='ocrx_word' id='word_1_92' title='bbox 374 1536 614 1592; x_wconf 84' lang='lat' dir='ltr'>Gabala‚”</span> <span class='ocrx_word' id='word_1_93' title='bbox 653 1543 705 1584; x_wconf 95' lang='lat' dir='ltr'>et</span> <span class='ocrx_word' id='word_1_94' title='bbox 741 1543 818 1584; x_wconf 91' lang='lat' dir='ltr'>est</span> <span class='ocrx_word' id='word_1_95' title='bbox 860 1537 962 1584; x_wconf 91' lang='lat' dir='ltr'>iam</span> <span class='ocrx_word' id='word_1_96' title='bbox 1004 1537 1056 1584; x_wconf 92' lang='lat' dir='ltr'>in</span> <span class='ocrx_word' id='word_1_97' title='bbox 1088 1536 1250 1600; x_wconf 88' lang='lat' dir='ltr'>gratia</span> <span class='ocrx_word' id='word_1_98' title='bbox 1287 1536 1472 1600; x_wconf 90' lang='lat' dir='ltr'>Papae.</span> <span class='ocrx_word' id='word_1_99' title='bbox 1546 1535 1751 1583; x_wconf 91' lang='lat' dir='ltr'>Vellem</span> <span class='ocrx_word' id='word_1_100' title='bbox 1790 1541 1967 1583; x_wconf 88' lang='lat' dir='ltr'>tamen</span> 
     </span>
     <span class='ocr_line' id='line_1_15' title="bbox 375 1602 1970 1667; baseline 0 -17"><span class='ocrx_word' id='word_1_101' title='bbox 375 1603 592 1651; x_wconf 89' lang='lat' dir='ltr'>libenter</span> <span class='ocrx_word' id='word_1_102' title='bbox 617 1603 740 1651; x_wconf 89' lang='lat' dir='ltr'>scire</span> <span class='ocrx_word' id='word_1_103' title='bbox 765 1603 888 1666; x_wconf 87' lang='lat' dir='ltr'>quid</span> <span class='ocrx_word' id='word_1_104' title='bbox 914 1610 991 1651; x_wconf 89' lang='lat' dir='ltr'>est</span> <span class='ocrx_word' id='word_1_105' title='bbox 1018 1603 1214 1651; x_wconf 88' lang='lat' dir='ltr'>Gabala</span> <span class='ocrx_word' id='word_1_106' title='bbox 1238 1622 1246 1652; x_wconf 91' lang='lat'>:</span> <span class='ocrx_word' id='word_1_107' title='bbox 1283 1620 1378 1667; x_wconf 89' lang='lat' dir='ltr'>ego</span> <span class='ocrx_word' id='word_1_108' title='bbox 1404 1603 1627 1667; x_wconf 83' lang='lat' dir='ltr'>quaesivi</span> <span class='ocrx_word' id='word_1_109' title='bbox 1653 1602 1739 1650; x_wconf 93' lang='lat' dir='ltr'>diu</span> <span class='ocrx_word' id='word_1_110' title='bbox 1766 1602 1817 1649; x_wconf 92' lang='lat' dir='ltr'>in</span> <span class='ocrx_word' id='word_1_111' title='bbox 1853 1618 1970 1650; x_wconf 92' lang='lat' dir='ltr'>meo</span> 
     </span>
     <span class='ocr_line' id='line_1_16' title="bbox 302 1669 1971 1735; baseline -0.001 -17"><span class='ocrx_word' id='word_1_112' title='bbox 302 1682 341 1711; x_wconf 89' lang='lat'>10</span> <span class='ocrx_word' id='word_1_113' title='bbox 377 1669 680 1718; x_wconf 88' lang='lat' dir='ltr'>Catholicon</span> <span class='ocrx_word' id='word_1_114' title='bbox 700 1677 753 1719; x_wconf 93' lang='lat' dir='ltr'>et</span> <span class='ocrx_word' id='word_1_115' title='bbox 773 1670 994 1718; x_wconf 90' lang='lat' dir='ltr'>Gemma</span> <span class='ocrx_word' id='word_1_116' title='bbox 1012 1687 1334 1735; x_wconf 88' lang='lat' dir='ltr'>gemmarum</span> <span class='ocrx_word' id='word_1_117' title='bbox 1359 1676 1411 1718; x_wconf 94' lang='lat' dir='ltr'>et</span> <span class='ocrx_word' id='word_1_118' title='bbox 1436 1670 1487 1717; x_wconf 92' lang='lat' dir='ltr'>in</span> <span class='ocrx_word' id='word_1_119' title='bbox 1508 1669 1685 1717; x_wconf 88' lang='lat' dir='ltr'>Briton</span> <span class='ocrx_word' id='word_1_120' title='bbox 1710 1689 1719 1719; x_wconf 92' lang='lat'><strong>:</strong></span> <span class='ocrx_word' id='word_1_121' title='bbox 1755 1669 1844 1718; x_wconf 91' lang='lat' dir='ltr'>sed</span> <span class='ocrx_word' id='word_1_122' title='bbox 1867 1684 1971 1717; x_wconf 91' lang='lat' dir='ltr'>non</span> 
     </span>
     <span class='ocr_line' id='line_1_17' title="bbox 376 1736 1971 1802; baseline -0.002 -17"><span class='ocrx_word' id='word_1_123' title='bbox 376 1754 584 1802; x_wconf 89' lang='lat' dir='ltr'>possum</span> <span class='ocrx_word' id='word_1_124' title='bbox 599 1737 815 1802; x_wconf 87' lang='lat' dir='ltr'>reperire</span> <span class='ocrx_word' id='word_1_125' title='bbox 834 1738 957 1801; x_wconf 90' lang='lat' dir='ltr'>quid</span> <span class='ocrx_word' id='word_1_126' title='bbox 974 1737 1238 1802; x_wconf 89' lang='lat' dir='ltr'>significat.</span> <span class='ocrx_word' id='word_1_127' title='bbox 1292 1737 1412 1785; x_wconf 89' lang='lat' dir='ltr'>Misi</span> <span class='ocrx_word' id='word_1_128' title='bbox 1427 1738 1583 1786; x_wconf 89' lang='lat' dir='ltr'>etiam</span> <span class='ocrx_word' id='word_1_129' title='bbox 1599 1753 1756 1784; x_wconf 89' lang='lat' dir='ltr'>unam</span> <span class='ocrx_word' id='word_1_130' title='bbox 1771 1736 1971 1785; x_wconf 90' lang='lat' dir='ltr'>literam</span> 
     </span>
     <span class='ocr_line' id='line_1_18' title="bbox 377 1802 1973 1868; baseline -0.001 -16"><span class='ocrx_word' id='word_1_131' title='bbox 377 1804 440 1852; x_wconf 92' lang='lat' dir='ltr'>ad</span> <span class='ocrx_word' id='word_1_132' title='bbox 465 1804 768 1868; x_wconf 89' lang='lat' dir='ltr'>magistrum</span> <span class='ocrx_word' id='word_1_133' title='bbox 793 1811 1027 1853; x_wconf 90' lang='lat' dir='ltr'>nostrum</span> <span class='ocrx_word' id='word_1_134' title='bbox 1055 1805 1332 1853; x_wconf 84' lang='lat' dir='ltr'>Ortvinum</span> <span class='ocrx_word' id='word_1_135' title='bbox 1357 1824 1365 1853; x_wconf 94' lang='lat'>:</span> <span class='ocrx_word' id='word_1_136' title='bbox 1402 1805 1490 1853; x_wconf 92' lang='lat' dir='ltr'>sed</span> <span class='ocrx_word' id='word_1_137' title='bbox 1513 1804 1620 1868; x_wconf 91' lang='lat' dir='ltr'>ipse</span> <span class='ocrx_word' id='word_1_138' title='bbox 1655 1803 1810 1852; x_wconf 91' lang='lat' dir='ltr'>etiam</span> <span class='ocrx_word' id='word_1_139' title='bbox 1847 1802 1973 1851; x_wconf 91' lang='lat' dir='ltr'>nihil</span> 
     </span>
     <span class='ocr_line' id='line_1_19' title="bbox 376 1870 1971 1936; baseline -0.001 -16"><span class='ocrx_word' id='word_1_140' title='bbox 376 1871 619 1920; x_wconf 86' lang='lat' dir='ltr'>rescribit.</span> <span class='ocrx_word' id='word_1_141' title='bbox 695 1871 795 1919; x_wconf 91' lang='lat' dir='ltr'>Sed</span> <span class='ocrx_word' id='word_1_142' title='bbox 820 1872 1051 1936; x_wconf 83' lang='lat' dir='ltr'>magistri</span> <span class='ocrx_word' id='word_1_143' title='bbox 1074 1871 1234 1920; x_wconf 87' lang='lat' dir='ltr'>nostri</span> <span class='ocrx_word' id='word_1_144' title='bbox 1256 1872 1489 1921; x_wconf 87' lang='lat' dir='ltr'>fecerunt</span> <span class='ocrx_word' id='word_1_145' title='bbox 1513 1888 1676 1919; x_wconf 91' lang='lat' dir='ltr'>unum</span> <span class='ocrx_word' id='word_1_146' title='bbox 1702 1870 1971 1918; x_wconf 89' lang='lat' dir='ltr'>consilium</span> 
     </span>
     <span class='ocr_line' id='line_1_20' title="bbox 378 1937 1971 2013; baseline -0.002 -26"><span class='ocrx_word' id='word_1_147' title='bbox 378 1945 431 1987; x_wconf 91' lang='lat' dir='ltr'>et</span> <span class='ocrx_word' id='word_1_148' title='bbox 455 1939 878 1987; x_wconf 88' lang='lat' dir='ltr'>examinaverunt</span> <span class='ocrx_word' id='word_1_149' title='bbox 903 1939 1049 1987; x_wconf 92' lang='lat' dir='ltr'>illum</span> <span class='ocrx_word' id='word_1_150' title='bbox 1073 1939 1289 1987; x_wconf 88' lang='lat' dir='ltr'>librum:</span> <span class='ocrx_word' id='word_1_151' title='bbox 1327 1945 1380 1987; x_wconf 92' lang='lat' dir='ltr'>et</span> <span class='ocrx_word' id='word_1_152' title='bbox 1408 1938 1540 1986; x_wconf 91' lang='lat' dir='ltr'>sicut</span> <span class='ocrx_word' id='word_1_153' title='bbox 1569 1954 1664 2013; x_wconf 83' lang='lat' dir='ltr'>ego</span> <span class='ocrx_word' id='word_1_154' title='bbox 1701 1937 1872 1985; x_wconf 88' lang='lat' dir='ltr'>audivi</span> <span class='ocrx_word' id='word_1_155' title='bbox 1907 1938 1971 1985; x_wconf 88' lang='lat' dir='ltr'>ab</span> 
     </span>
     <span class='ocr_line' id='line_1_21' title="bbox 305 2004 1969 2071; baseline -0.001 -18"><span class='ocrx_word' id='word_1_156' title='bbox 305 2016 343 2046; x_wconf 84' lang='lat'>15</span> <span class='ocrx_word' id='word_1_157' title='bbox 378 2005 498 2071; x_wconf 89' lang='lat' dir='ltr'>ipsis</span> <span class='ocrx_word' id='word_1_158' title='bbox 523 2006 585 2054; x_wconf 92' lang='lat' dir='ltr'>de</span> <span class='ocrx_word' id='word_1_159' title='bbox 610 2012 763 2054; x_wconf 92' lang='lat' dir='ltr'>nocte</span> <span class='ocrx_word' id='word_1_160' title='bbox 788 2006 838 2054; x_wconf 91' lang='lat' dir='ltr'>in</span> <span class='ocrx_word' id='word_1_161' title='bbox 865 2007 1098 2054; x_wconf 85' lang='lat' dir='ltr'>convivio</span> <span class='ocrx_word' id='word_1_162' title='bbox 1123 2006 1210 2054; x_wconf 93' lang='lat' dir='ltr'>ubi</span> <span class='ocrx_word' id='word_1_163' title='bbox 1235 2006 1557 2055; x_wconf 89' lang='lat' dir='ltr'>zechavimus</span> <span class='ocrx_word' id='word_1_164' title='bbox 1582 2005 1654 2053; x_wconf 92' lang='lat' dir='ltr'>ita</span> <span class='ocrx_word' id='word_1_165' title='bbox 1678 2004 1969 2059; x_wconf 78' lang='lat' dir='ltr'>libelalite1‚</span> 
     </span>
     <span class='ocr_line' id='line_1_22' title="bbox 379 2071 1972 2138; baseline -0.001 -18"><span class='ocrx_word' id='word_1_166' title='bbox 379 2073 519 2136; x_wconf 91' lang='lat' dir='ltr'>quod</span> <span class='ocrx_word' id='word_1_167' title='bbox 555 2073 782 2138; x_wconf 92' lang='lat' dir='ltr'>oportuit</span> <span class='ocrx_word' id='word_1_168' title='bbox 807 2090 969 2121; x_wconf 90' lang='lat' dir='ltr'>unum</span> <span class='ocrx_word' id='word_1_169' title='bbox 1005 2074 1124 2122; x_wconf 90' lang='lat' dir='ltr'>dare</span> <span class='ocrx_word' id='word_1_170' title='bbox 1159 2090 1250 2138; x_wconf 92' lang='lat' dir='ltr'>pro</span> <span class='ocrx_word' id='word_1_171' title='bbox 1286 2073 1439 2122; x_wconf 87' lang='lat' dir='ltr'>zecha</span> <span class='ocrx_word' id='word_1_172' title='bbox 1473 2079 1575 2120; x_wconf 89' lang='lat' dir='ltr'>tres</span> <span class='ocrx_word' id='word_1_173' title='bbox 1612 2072 1806 2127; x_wconf 89' lang='lat' dir='ltr'>obulos,</span> <span class='ocrx_word' id='word_1_174' title='bbox 1832 2071 1972 2135; x_wconf 92' lang='lat' dir='ltr'>quod</span> 
     </span>
     <span class='ocr_line' id='line_1_23' title="bbox 380 2137 1972 2215; baseline -0.002 -27"><span class='ocrx_word' id='word_1_175' title='bbox 380 2156 476 2215; x_wconf 85' lang='lat' dir='ltr'>ego</span> <span class='ocrx_word' id='word_1_176' title='bbox 518 2156 621 2187; x_wconf 92' lang='lat' dir='ltr'>non</span> <span class='ocrx_word' id='word_1_177' title='bbox 657 2139 819 2187; x_wconf 93' lang='lat' dir='ltr'>habeo</span> <span class='ocrx_word' id='word_1_178' title='bbox 858 2141 992 2188; x_wconf 88' lang='lat' dir='ltr'>ultra</span> <span class='ocrx_word' id='word_1_179' title='bbox 1032 2141 1262 2206; x_wconf 89' lang='lat' dir='ltr'>pecunia,</span> <span class='ocrx_word' id='word_1_180' title='bbox 1289 2140 1428 2204; x_wconf 93' lang='lat' dir='ltr'>quod</span> <span class='ocrx_word' id='word_1_181' title='bbox 1470 2140 1575 2204; x_wconf 89' lang='lat' dir='ltr'>ipse</span> <span class='ocrx_word' id='word_1_182' title='bbox 1614 2138 1747 2187; x_wconf 91' lang='lat' dir='ltr'>male</span> <span class='ocrx_word' id='word_1_183' title='bbox 1783 2137 1972 2186; x_wconf 85' lang='lat' dir='ltr'>stabit:</span> 
     </span>
     <span class='ocr_line' id='line_1_24' title="bbox 380 2206 1974 2271; baseline -0.001 -17"><span class='ocrx_word' id='word_1_184' title='bbox 380 2207 500 2270; x_wconf 92' lang='lat' dir='ltr'>quia</span> <span class='ocrx_word' id='word_1_185' title='bbox 544 2206 716 2271; x_wconf 92' lang='lat' dir='ltr'>posuit</span> <span class='ocrx_word' id='word_1_186' title='bbox 762 2207 831 2254; x_wconf 93' lang='lat' dir='ltr'>ibi</span> <span class='ocrx_word' id='word_1_187' title='bbox 878 2207 1047 2271; x_wconf 90' lang='lat' dir='ltr'>aliqua</span> <span class='ocrx_word' id='word_1_188' title='bbox 1106 2214 1281 2256; x_wconf 91' lang='lat' dir='ltr'>contra</span> <span class='ocrx_word' id='word_1_189' title='bbox 1327 2208 1590 2255; x_wconf 90' lang='lat' dir='ltr'>doctorem</span> <span class='ocrx_word' id='word_1_190' title='bbox 1639 2212 1873 2254; x_wconf 86' lang='lat' dir='ltr'>sanctum</span> <span class='ocrx_word' id='word_1_191' title='bbox 1921 2211 1974 2253; x_wconf 91' lang='lat' dir='ltr'>et</span> 
     </span>
     <span class='ocr_line' id='line_1_25' title="bbox 380 2273 1974 2338; baseline -0.001 -17"><span class='ocrx_word' id='word_1_192' title='bbox 380 2274 652 2322; x_wconf 92' lang='lat' dir='ltr'>modernos</span> <span class='ocrx_word' id='word_1_193' title='bbox 689 2274 952 2322; x_wconf 86' lang='lat' dir='ltr'>doctores:</span> <span class='ocrx_word' id='word_1_194' title='bbox 989 2282 1042 2323; x_wconf 93' lang='lat' dir='ltr'>et</span> <span class='ocrx_word' id='word_1_195' title='bbox 1078 2275 1202 2323; x_wconf 91' lang='lat' dir='ltr'>dicit</span> <span class='ocrx_word' id='word_1_196' title='bbox 1236 2275 1373 2338; x_wconf 91' lang='lat' dir='ltr'>quod</span> <span class='ocrx_word' id='word_1_197' title='bbox 1409 2273 1541 2322; x_wconf 89' lang='lat' dir='ltr'>filius</span> <span class='ocrx_word' id='word_1_198' title='bbox 1578 2273 1658 2321; x_wconf 92' lang='lat' dir='ltr'>dei</span> <span class='ocrx_word' id='word_1_199' title='bbox 1695 2279 1773 2321; x_wconf 91' lang='lat' dir='ltr'>est</span> <span class='ocrx_word' id='word_1_200' title='bbox 1807 2273 1974 2320; x_wconf 88' lang='lat' dir='ltr'>factus</span> 
     </span>
     <span class='ocr_line' id='line_1_26' title="bbox 307 2339 1973 2406; baseline -0.001 -18"><span class='ocrx_word' id='word_1_201' title='bbox 307 2354 345 2382; x_wconf 82' lang='lat'>20</span> <span class='ocrx_word' id='word_1_202' title='bbox 381 2340 446 2390; x_wconf 92' lang='lat' dir='ltr'>de</span> <span class='ocrx_word' id='word_1_203' title='bbox 479 2347 637 2405; x_wconf 88' lang='lat' dir='ltr'>patre.</span> <span class='ocrx_word' id='word_1_204' title='bbox 712 2341 849 2389; x_wconf 90' lang='lat' dir='ltr'>Item</span> <span class='ocrx_word' id='word_1_205' title='bbox 875 2342 1040 2390; x_wconf 84' lang='lat' dir='ltr'>multa</span> <span class='ocrx_word' id='word_1_206' title='bbox 1064 2342 1174 2398; x_wconf 81' lang='lat' dir='ltr'>alia,</span> <span class='ocrx_word' id='word_1_207' title='bbox 1201 2348 1254 2390; x_wconf 94' lang='lat' dir='ltr'>et</span> <span class='ocrx_word' id='word_1_208' title='bbox 1278 2341 1525 2406; x_wconf 89' lang='lat' dir='ltr'>pervertit</span> <span class='ocrx_word' id='word_1_209' title='bbox 1548 2339 1796 2389; x_wconf 89' lang='lat' dir='ltr'>terminos</span> <span class='ocrx_word' id='word_1_210' title='bbox 1830 2339 1973 2388; x_wconf 92' lang='lat' dir='ltr'>theo-</span> 
     </span>
     <span class='ocr_line' id='line_1_27' title="bbox 381 2406 1976 2474; baseline -0.001 -19"><span class='ocrx_word' id='word_1_211' title='bbox 381 2408 545 2472; x_wconf 88' lang='lat' dir='ltr'>logiae</span> <span class='ocrx_word' id='word_1_212' title='bbox 570 2415 597 2434; x_wconf 79' lang='lat'>‘⁶</span> <span class='ocrx_word' id='word_1_213' title='bbox 617 2410 897 2474; x_wconf 83' lang='lat' dir='ltr'>generare’&#39;</span> <span class='ocrx_word' id='word_1_214' title='bbox 923 2415 975 2456; x_wconf 94' lang='lat' dir='ltr'>et</span> <span class='ocrx_word' id='word_1_215' title='bbox 1012 2409 1270 2465; x_wconf 84' lang='lat' dir='ltr'>“facere‚&#39;&#39;</span> <span class='ocrx_word' id='word_1_216' title='bbox 1294 2414 1346 2457; x_wconf 92' lang='lat' dir='ltr'>et</span> <span class='ocrx_word' id='word_1_217' title='bbox 1382 2408 1450 2456; x_wconf 91' lang='lat' dir='ltr'>sic</span> <span class='ocrx_word' id='word_1_218' title='bbox 1487 2409 1550 2456; x_wconf 93' lang='lat' dir='ltr'>de</span> <span class='ocrx_word' id='word_1_219' title='bbox 1586 2407 1722 2456; x_wconf 86' lang='lat' dir='ltr'>aliis:</span> <span class='ocrx_word' id='word_1_220' title='bbox 1759 2413 1812 2455; x_wconf 93' lang='lat' dir='ltr'>et</span> <span class='ocrx_word' id='word_1_221' title='bbox 1850 2406 1976 2454; x_wconf 91' lang='lat' dir='ltr'>nihil</span> 
     </span>
     <span class='ocr_line' id='line_1_28' title="bbox 382 2474 1977 2550; baseline -0.001 -28"><span class='ocrx_word' id='word_1_222' title='bbox 382 2480 528 2523; x_wconf 90' lang='lat' dir='ltr'>curat</span> <span class='ocrx_word' id='word_1_223' title='bbox 569 2475 632 2522; x_wconf 93' lang='lat' dir='ltr'>de</span> <span class='ocrx_word' id='word_1_224' title='bbox 673 2476 987 2550; x_wconf 83' lang='lat' dir='ltr'>argumentis</span> <span class='ocrx_word' id='word_1_225' title='bbox 1034 2482 1086 2524; x_wconf 92' lang='lat' dir='ltr'>et</span> <span class='ocrx_word' id='word_1_226' title='bbox 1133 2476 1516 2540; x_wconf 90' lang='lat' dir='ltr'>quaestionibus</span> <span class='ocrx_word' id='word_1_227' title='bbox 1565 2481 1617 2523; x_wconf 94' lang='lat' dir='ltr'>et</span> <span class='ocrx_word' id='word_1_228' title='bbox 1665 2474 1977 2539; x_wconf 88' lang='lat' dir='ltr'>sophismata</span> 
     </span>
     <span class='ocr_line' id='line_1_29' title="bbox 381 2541 1976 2591; baseline -0.001 -2"><span class='ocrx_word' id='word_1_229' title='bbox 381 2542 604 2590; x_wconf 87' lang='lat' dir='ltr'>doctoris</span> <span class='ocrx_word' id='word_1_230' title='bbox 628 2542 822 2590; x_wconf 88' lang='lat' dir='ltr'>sancti:</span> <span class='ocrx_word' id='word_1_231' title='bbox 855 2548 908 2590; x_wconf 92' lang='lat' dir='ltr'>et</span> <span class='ocrx_word' id='word_1_232' title='bbox 930 2542 1046 2590; x_wconf 93' lang='lat' dir='ltr'>ideo</span> <span class='ocrx_word' id='word_1_233' title='bbox 1070 2543 1253 2591; x_wconf 88' lang='lat' dir='ltr'>volunt</span> <span class='ocrx_word' id='word_1_234' title='bbox 1278 2542 1424 2590; x_wconf 91' lang='lat' dir='ltr'>illum</span> <span class='ocrx_word' id='word_1_235' title='bbox 1443 2543 1630 2590; x_wconf 91' lang='lat' dir='ltr'>librum</span> <span class='ocrx_word' id='word_1_236' title='bbox 1651 2541 1976 2589; x_wconf 90' lang='lat' dir='ltr'>comburere:</span> 
     </span>
     <span class='ocr_line' id='line_1_30' title="bbox 383 2606 1977 2674; baseline -0.001 -18"><span class='ocrx_word' id='word_1_237' title='bbox 383 2608 503 2672; x_wconf 91' lang='lat' dir='ltr'>quia</span> <span class='ocrx_word' id='word_1_238' title='bbox 520 2609 701 2657; x_wconf 90' lang='lat' dir='ltr'>dicunt</span> <span class='ocrx_word' id='word_1_239' title='bbox 724 2609 861 2672; x_wconf 93' lang='lat' dir='ltr'>quod</span> <span class='ocrx_word' id='word_1_240' title='bbox 886 2611 1035 2671; x_wconf 93' lang='lat' dir='ltr'>[non]</span> <span class='ocrx_word' id='word_1_241' title='bbox 1060 2610 1356 2674; x_wconf 87' lang='lat' dir='ltr'>intelligunt</span> <span class='ocrx_word' id='word_1_242' title='bbox 1376 2626 1521 2658; x_wconf 89' lang='lat' dir='ltr'>eum:</span> <span class='ocrx_word' id='word_1_243' title='bbox 1549 2616 1601 2658; x_wconf 92' lang='lat' dir='ltr'>et</span> <span class='ocrx_word' id='word_1_244' title='bbox 1619 2607 1894 2672; x_wconf 90' lang='lat' dir='ltr'>quicquid</span> <span class='ocrx_word' id='word_1_245' title='bbox 1882 2606 1977 2671; x_wconf 89' lang='lat' dir='ltr'>1psi</span> 
     </span>
     <span class='ocr_line' id='line_1_31' title="bbox 312 2674 1978 2740; baseline 0 -18"><span class='ocrx_word' id='word_1_246' title='bbox 312 2693 351 2722; x_wconf 76' lang='lat'>25</span> <span class='ocrx_word' id='word_1_247' title='bbox 384 2692 487 2723; x_wconf 92' lang='lat' dir='ltr'>non</span> <span class='ocrx_word' id='word_1_248' title='bbox 534 2675 844 2740; x_wconf 88' lang='lat' dir='ltr'>intelligunt,</span> <span class='ocrx_word' id='word_1_249' title='bbox 883 2676 980 2724; x_wconf 92' lang='lat' dir='ltr'>hoc</span> <span class='ocrx_word' id='word_1_250' title='bbox 1028 2677 1365 2724; x_wconf 85' lang='lat' dir='ltr'>combmunt:</span> <span class='ocrx_word' id='word_1_251' title='bbox 1408 2676 1563 2740; x_wconf 90' lang='lat' dir='ltr'>Ergo</span> <span class='ocrx_word' id='word_1_252' title='bbox 1637 2675 1776 2730; x_wconf 81' lang='lat' dir='ltr'>Quia</span> <span class='ocrx_word' id='word_1_253' title='bbox 1812 2674 1978 2722; x_wconf 90' lang='lat' dir='ltr'>omnis</span> 
     </span>
     <span class='ocr_line' id='line_1_32' title="bbox 385 2740 1979 2807; baseline -0.001 -18"><span class='ocrx_word' id='word_1_254' title='bbox 385 2743 631 2807; x_wconf 90' lang='lat' dir='ltr'>magister</span> <span class='ocrx_word' id='word_1_255' title='bbox 654 2749 827 2791; x_wconf 91' lang='lat' dir='ltr'>noster</span> <span class='ocrx_word' id='word_1_256' title='bbox 851 2749 924 2791; x_wconf 83' lang='lat' dir='ltr'>est</span> <span class='ocrx_word' id='word_1_257' title='bbox 951 2743 1058 2791; x_wconf 90' lang='lat' dir='ltr'>rabi</span> <span class='ocrx_word' id='word_1_258' title='bbox 1083 2749 1137 2791; x_wconf 92' lang='lat' dir='ltr'>et</span> <span class='ocrx_word' id='word_1_259' title='bbox 1160 2744 1248 2790; x_wconf 88' lang='lat' dir='ltr'>lux</span> <span class='ocrx_word' id='word_1_260' title='bbox 1274 2742 1468 2791; x_wconf 88' lang='lat' dir='ltr'>mundi.</span> <span class='ocrx_word' id='word_1_261' title='bbox 1541 2741 1720 2789; x_wconf 90' lang='lat' dir='ltr'>Etiam</span> <span class='ocrx_word' id='word_1_262' title='bbox 1745 2740 1829 2789; x_wconf 93' lang='lat' dir='ltr'>ille</span> <span class='ocrx_word' id='word_1_263' title='bbox 1853 2741 1979 2789; x_wconf 90' lang='lat' dir='ltr'>liber</span> 
     </span>
     <span class='ocr_line' id='line_1_33' title="bbox 386 2808 1979 2874; baseline 0 -17"><span class='ocrx_word' id='word_1_264' title='bbox 386 2809 542 2858; x_wconf 92' lang='lat' dir='ltr'>habet</span> <span class='ocrx_word' id='word_1_265' title='bbox 578 2810 743 2858; x_wconf 89' lang='lat' dir='ltr'>multa</span> <span class='ocrx_word' id='word_1_266' title='bbox 777 2810 915 2858; x_wconf 87' lang='lat' dir='ltr'>dicta</span> <span class='ocrx_word' id='word_1_267' title='bbox 940 2810 1264 2874; x_wconf 85' lang='lat' dir='ltr'>Pithagorae‚</span> <span class='ocrx_word' id='word_1_268' title='bbox 1290 2809 1378 2873; x_wconf 91' lang='lat' dir='ltr'>qui</span> <span class='ocrx_word' id='word_1_269' title='bbox 1401 2809 1502 2857; x_wconf 87' lang='lat' dir='ltr'>fuit</span> <span class='ocrx_word' id='word_1_270' title='bbox 1525 2808 1979 2873; x_wconf 82' lang='lat' dir='ltr'>Nigromanticus:</span> 
     </span>
    </p>
   </div>
   <div class='ocr_carea' id='block_1_6' title="bbox 447 2925 1978 2973">
    <p class='ocr_par' dir='ltr' id='par_1_7' title="bbox 447 2925 1978 2973">
     <span class='ocr_line' id='line_1_34' title="bbox 447 2925 1978 2973; baseline -0.001 -11.979"><span class='ocrx_word' id='word_1_271' title='bbox 447 2925 595 2971; x_wconf 80' lang='lat' dir='ltr'>⁰quam,</span> <span class='ocrx_word' id='word_1_272' title='bbox 627 2928 692 2963; x_wconf 56' lang='grc' dir='ltr'>ἵζε.</span> <span class='ocrx_word' id='word_1_273' title='bbox 753 2928 832 2963; x_wconf 87' lang='lat' dir='ltr'>The</span> <span class='ocrx_word' id='word_1_274' title='bbox 857 2928 945 2973; x_wconf 90' lang='lat' dir='ltr'>only</span> <span class='ocrx_word' id='word_1_275' title='bbox 970 2928 1146 2973; x_wconf 80' lang='lat' dir='ltr'>reading:</span> <span class='ocrx_word' id='word_1_276' title='bbox 1218 2926 1383 2970; x_wconf 85' lang='lat' dir='ltr'>Breton),</span> <span class='ocrx_word' id='word_1_277' title='bbox 1402 2938 1461 2961; x_wconf 86' lang='lat' dir='ltr'>see</span> <span class='ocrx_word' id='word_1_278' title='bbox 1482 2926 1546 2961; x_wconf 88' lang='lat' dir='ltr'>the</span> <span class='ocrx_word' id='word_1_279' title='bbox 1564 2928 1653 2962; x_wconf 71' lang='lat' dir='ltr'>Diei.</span> <span class='ocrx_word' id='word_1_280' title='bbox 1673 2928 1759 2961; x_wconf 70' lang='lat' dir='ltr'>Nat.</span> <span class='ocrx_word' id='word_1_281' title='bbox 1778 2928 1874 2970; x_wconf 72' lang='lat' dir='ltr'>Bioy.</span> <span class='ocrx_word' id='word_1_282' title='bbox 1886 2937 1899 2969; x_wconf 89' lang='lat'>‚·</span> <span class='ocrx_word' id='word_1_283' title='bbox 1923 2938 1978 2970; x_wconf 89' lang='lat' dir='ltr'>or,</span> 
     </span>
    </p>
   </div>
   <div class='ocr_carea' id='block_1_7' title="bbox 388 2972 1981 3158">
    <p class='ocr_par' dir='ltr' id='par_1_8' title="bbox 388 2972 1981 3158">
     <span class='ocr_line' id='line_1_35' title="bbox 388 2972 1981 3021; baseline 0.001 -14"><span class='ocrx_word' id='word_1_284' title='bbox 388 2974 556 3019; x_wconf 65' lang='lat' dir='ltr'>Biscking</span> <span class='ocrx_word' id='word_1_285' title='bbox 574 2980 744 3021; x_wconf 78' lang='lat' dir='ltr'>suggests</span> <span class='ocrx_word' id='word_1_286' title='bbox 761 2978 858 3018; x_wconf 65' lang='lat' dir='ltr'>lepus</span> <span class='ocrx_word' id='word_1_287' title='bbox 875 2974 1273 3009; x_wconf 68' lang='lat' dir='ltr'>f01·u71us.f0r</span> <span class='ocrx_word' id='word_1_288' title='bbox 1297 2985 1317 3007; x_wconf 87' lang='lat' dir='ltr'>a</span> <span class='ocrx_word' id='word_1_289' title='bbox 1346 2972 1459 3008; x_wconf 85' lang='lat' dir='ltr'>fuller</span> <span class='ocrx_word' id='word_1_290' title='bbox 1487 2978 1656 3017; x_wconf 86' lang='lat' dir='ltr'>account,</span> <span class='ocrx_word' id='word_1_291' title='bbox 1684 2975 1717 3008; x_wconf 87' lang='lat' dir='ltr'>S.</span> <span class='ocrx_word' id='word_1_292' title='bbox 1748 2974 1901 3018; x_wconf 86' lang='lat' dir='ltr'>Berger,</span> <span class='ocrx_word' id='word_1_293' title='bbox 1928 2975 1981 3008; x_wconf 76' lang='lat' dir='ltr'>De</span> 
     </span>
     <span class='ocr_line' id='line_1_36' title="bbox 433 3019 1979 3066; baseline -0.001 -11"><span class='ocrx_word' id='word_1_294' title='bbox 433 3019 446 3038; x_wconf 84' lang='lat'>⁹</span> <span class='ocrx_word' id='word_1_295' title='bbox 467 3023 608 3056; x_wconf 72' lang='lat' dir='ltr'>Gabala.</span> <span class='ocrx_word' id='word_1_296' title='bbox 660 3023 752 3057; x_wconf 89' lang='lat' dir='ltr'>See</span> <span class='ocrx_word' id='word_1_297' title='bbox 744 3023 779 3057; x_wconf 89' lang='lat' dir='ltr'>1i.</span> <span class='ocrx_word' id='word_1_298' title='bbox 800 3022 857 3065; x_wconf 87' lang='lat'>68,</span> <span class='ocrx_word' id='word_1_299' title='bbox 877 3034 911 3058; x_wconf 77' lang='grc' dir='ltr'>η.</span> <span class='ocrx_word' id='word_1_300' title='bbox 1219 3022 1418 3063; x_wconf 53' lang='lat' dir='ltr'>(Amaras,</span> <span class='ocrx_word' id='word_1_301' title='bbox 1436 3020 1514 3063; x_wconf 53' lang='lat' dir='ltr'>xe„</span> <span class='ocrx_word' id='word_1_302' title='bbox 1534 3020 1645 3062; x_wconf 87' lang='lat' dir='ltr'>Paris,</span> <span class='ocrx_word' id='word_1_303' title='bbox 1666 3020 1764 3063; x_wconf 87' lang='lat'>1879,</span> <span class='ocrx_word' id='word_1_304' title='bbox 1780 3032 1838 3066; x_wconf 91' lang='lat' dir='ltr'>pp.</span> <span class='ocrx_word' id='word_1_305' title='bbox 1856 3019 1979 3055; x_wconf 80' lang='lat'>18-25.</span> 
     </span>
     <span class='ocr_line' id='line_1_37' title="bbox 434 3067 1811 3112; baseline 0.001 -12"><span class='ocrx_word' id='word_1_306' title='bbox 434 3067 463 3086; x_wconf 80' lang='lat'>1⁰</span> <span class='ocrx_word' id='word_1_307' title='bbox 481 3069 608 3102; x_wconf 73' lang='lat' dir='ltr'>s&#39;athol.</span> <span class='ocrx_word' id='word_1_308' title='bbox 659 3070 752 3104; x_wconf 87' lang='lat' dir='ltr'>See</span> <span class='ocrx_word' id='word_1_309' title='bbox 744 3082 766 3104; x_wconf 94' lang='lat'>1</span> <span class='ocrx_word' id='word_1_310' title='bbox 787 3069 873 3112; x_wconf 79' lang='grc' dir='ltr'><strong>1,η.</strong></span> <span class='ocrx_word' id='word_1_311' title='bbox 1264 3067 1292 3088; x_wconf 76' lang='lat'>¹9</span> <span class='ocrx_word' id='word_1_312' title='bbox 1308 3069 1509 3101; x_wconf 74' lang='lat' dir='ltr'>modernos:</span> <span class='ocrx_word' id='word_1_313' title='bbox 1534 3067 1598 3102; x_wconf 86' lang='lat' dir='ltr'>the</span> <span class='ocrx_word' id='word_1_314' title='bbox 1615 3067 1811 3102; x_wconf 84' lang='lat' dir='ltr'>Thomists.</span> 
     </span>
     <span class='ocr_line' id='line_1_38' title="bbox 434 3112 1981 3158; baseline 0 -10"><span class='ocrx_word' id='word_1_315' title='bbox 434 3113 461 3133; x_wconf 84' lang='lat'>¹⁰</span> <span class='ocrx_word' id='word_1_316' title='bbox 480 3117 633 3150; x_wconf 76' lang='lat' dir='ltr'>Gemma.</span> <span class='ocrx_word' id='word_1_317' title='bbox 683 3117 776 3151; x_wconf 88' lang='lat' dir='ltr'>See</span> <span class='ocrx_word' id='word_1_318' title='bbox 768 3129 790 3151; x_wconf 92' lang='lat'>1.</span> <span class='ocrx_word' id='word_1_319' title='bbox 812 3116 845 3158; x_wconf 87' lang='lat' dir='ltr'>l,</span> <span class='ocrx_word' id='word_1_320' title='bbox 863 3128 897 3150; x_wconf 76' lang='lat' dir='ltr'>n.</span> <span class='ocrx_word' id='word_1_321' title='bbox 1263 3112 1289 3132; x_wconf 81' lang='lat'>²⁷</span> <span class='ocrx_word' id='word_1_322' title='bbox 1308 3116 1468 3157; x_wconf 56' lang='lat' dir='ltr'>Pithaffi:</span> <span class='ocrx_word' id='word_1_323' title='bbox 1503 3119 1608 3149; x_wconf 85' lang='lat' dir='ltr'>truer</span> <span class='ocrx_word' id='word_1_324' title='bbox 1639 3114 1731 3149; x_wconf 85' lang='lat' dir='ltr'>than</span> <span class='ocrx_word' id='word_1_325' title='bbox 1763 3114 1828 3148; x_wconf 87' lang='lat' dir='ltr'>the</span> <span class='ocrx_word' id='word_1_326' title='bbox 1858 3114 1981 3148; x_wconf 82' lang='lat' dir='ltr'>writer</span> 
     </span>
    </p>
   </div>
   <div class='ocr_carea' id='block_1_8' title="bbox 437 3160 1980 3264">
    <p class='ocr_par' dir='ltr' id='par_1_9' title="bbox 437 3160 1980 3264">
     <span class='ocr_line' id='line_1_39' title="bbox 437 3160 1980 3206; baseline 0.002 -13"><span class='ocrx_word' id='word_1_327' title='bbox 437 3160 463 3180; x_wconf 83' lang='lat'>¹⁰</span> <span class='ocrx_word' id='word_1_328' title='bbox 484 3163 629 3197; x_wconf 69' lang='lat' dir='ltr'>Britan:</span> <span class='ocrx_word' id='word_1_329' title='bbox 658 3163 715 3197; x_wconf 85' lang='lat' dir='ltr'>for</span> <span class='ocrx_word' id='word_1_330' title='bbox 740 3163 907 3197; x_wconf 83' lang='lat' dir='ltr'>William</span> <span class='ocrx_word' id='word_1_331' title='bbox 936 3163 1065 3197; x_wconf 86' lang='lat' dir='ltr'>Briton</span> <span class='ocrx_word' id='word_1_332' title='bbox 1090 3160 1149 3204; x_wconf 87' lang='lat' dir='ltr'>(or</span> <span class='ocrx_word' id='word_1_333' title='bbox 1216 3161 1411 3206; x_wconf 83' lang='lat' dir='ltr'>supposed,</span> <span class='ocrx_word' id='word_1_334' title='bbox 1441 3161 1499 3195; x_wconf 85' lang='lat' dir='ltr'>for</span> <span class='ocrx_word' id='word_1_335' title='bbox 1531 3161 1595 3196; x_wconf 86' lang='lat' dir='ltr'>the</span> <span class='ocrx_word' id='word_1_336' title='bbox 1628 3161 1813 3196; x_wconf 86' lang='lat' dir='ltr'>doctrines</span> <span class='ocrx_word' id='word_1_337' title='bbox 1846 3161 1887 3196; x_wconf 92' lang='lat' dir='ltr'>of</span> <span class='ocrx_word' id='word_1_338' title='bbox 1915 3161 1980 3196; x_wconf 79' lang='lat' dir='ltr'>the</span> 
     </span>
     <span class='ocr_line' id='line_1_40' title="bbox 1146 3222 1241 3264; baseline -0.021 0"><span class='ocrx_word' id='word_1_339' title='bbox 1146 3222 1241 3264; x_wconf 75' lang='lat'>‘282</span> 
     </span>
    </p>
   </div>
  </div>
 </body>
</html>
