2912 4368
237 1944 245 1973 „f
237 1826 245 1925 722⁷*

236 2174 251 2412 «ψῃ-ἧ.
241 2131 244 2134 v

234 2504 243 2514 τ
234 2436 244 2501 »ΛΔ-ξ-

233 2582 240 2649 -,-.,-
234 2531 236 2564 »ψ
237 2516 239 2522 Δ

564 840 613 877 11.
639 839 706 888 (541
767 829 1266 885 VOLWINws
1310 830 1421 883 DE
1468 826 2155 884 M()N'1*EF1„›xscoN

563 936 835 983 Donatum
873 938 1154 983 secundum
1194 937 1328 984 viam
1365 937 1526 983 sancti
1563 936 1795 982 Thomae
1844 942 1895 983 et
1945 934 2153 997 regulae

560 1003 970 1066 grammaticales
1019 1005 1301 1051 secundum
1344 1004 1479 1050 viam
1524 1003 1853 1065 antiquorum
1898 1019 2015 1049 611111
2059 1002 2156 1048 isto

563 1071 784 1118 carmine
806 1090 813 1118 :

923 1138 1106 1186 Accipias
1127 1141 1230 1174 tanti
1252 1138 1425 1173 doctoris
1446 1138 1637 1185 dogmata
1658 1139 1796 1181 sancti,

561 1237 693 1283 inter
712 1236 844 1299 ipsos
865 1237 1117 1292 monachi,
1138 1237 1224 1299 qui
1244 1235 1425 1283 volunt
1445 1234 1568 1281 alios
1588 1250 1786 1297 semper
1806 1234 1968 1280 facere
1988 1234 2155 1281 haere-

560 1304 701 1351 ticos.
732 1303 906 1358 Quare
923 1304 1076 1351 etiam
1096 1321 1197 1350 non
1214 1302 1483 1350 stimulant
1500 1318 1648 1365 super
1664 1301 1852 1356 illos,et
1867 1301 2157 1363 producunt

562 1370 943 1433 inquisitionem
982 1388 1132 1434 super
1168 1387 1253 1417 eos
1289 1387 1440 1433 super
1476 1368 1729 1416 haeretica
1764 1368 2030 1432 pravitate,
2070 1368 2157 1430 qui

562 1437 753 1484 habent
788 1443 868 1484 tot
895 1438 1061 1485 multa
1086 1437 1346 1492 beneficia,
1374 1453 1505 1483 unus
1532 1453 1632 1491 sex,
1661 1435 1788 1482 alter
1814 1436 2006 1489 decem,
2032 1435 2158 1481 alius

563 1504 744 1568 viginti
780 1511 831 1552 et
864 1506 1025 1568 magis
1057 1512 1107 1552 et
1141 1509 1454 1567 congregant
1487 1510 1596 1550 tam
1623 1503 1841 1549 multam
1869 1502 2156 1566 pecuniam,

562 1578 614 1619 et
650 1578 853 1619 tantam
892 1572 1200 1620 credentiam
1238 1588 1300 1618 ex
1338 1570 1555 1618 flasculis
1593 1577 1645 1617 et
1673 1570 1866 1633 poculis
1896 1569 2157 1633 pechcriis,

562 1640 694 1686 sicut
732 1640 769 1685 si
808 1645 974 1686 essent
1004 1639 1092 1686 filii
1124 1638 1411 1702 principum
1438 1638 1518 1684 vel
1544 1637 1808 1692 comitum,
1835 1643 1886 1684 et
1920 1636 1971 1683 in
2003 1637 2158 1683 domo

563 1706 779 1753 nutriuit
815 1713 1031 1770 putanas
1063 1706 1166 1753 sive
1198 1705 1503 1752 concubinas
1537 1705 1759 1768 preciose
1786 1721 1902 1751 cum
1932 1703 2158 1750 cathenis

562 1774 612 1820 in
640 1773 785 1828 collo,
814 1790 931 1820 cum
957 1773 1156 1820 annulis
1190 1773 1240 1819 in
1272 1772 1521 1827 manibus,
1550 1788 1667 1818 cum
1701 1771 1903 1818 schubis
1930 1771 2088 1817 veluti
2120 1771 2158 1818 si

562 1847 729 1887 essent
756 1857 936 1887 uxores
962 1840 1200 1887 militum.
1253 1840 1326 1887 Et
1341 1840 1601 1887 interdum
1628 1856 1758 1886 unus
1785 1838 1987 1884 illorum
2004 1838 2157 1886 habet

560 1914 662 1954 tres
701 1908 954 1955 Canonias
991 1908 1142 1954 simul
1179 1914 1232 1954 et
1268 1907 1439 1963 semel,
1480 1913 1533 1954 et
1569 1906 1791 1953 imbusat
1826 1906 1887 1951 de
1921 1905 2156 1952 omnibus

562 1974 657 2021 illis
682 1974 845 2021 tribus
870 1975 1037 2038 giltas,
1054 1975 1192 2037 quod
1213 1974 1330 2021 inde
1350 1980 1521 2037 potest
1547 1973 1731 2020 habere
1756 1972 1945 2020 multas
1964 1973 2156 2027 zechas,

561 2041 635 2088 Et
670 2048 843 2105 potest
880 2042 1046 2089 solum
1084 2048 1215 2089 stare
1253 2048 1303 2089 et
1338 2057 1443 2089 esse
1473 2040 1525 2087 in
1556 2057 1658 2088 uno
1689 2040 1856 2094 choro,
1884 2046 1935 2087 et
1966 2040 2016 2086 in
2050 2040 2157 2087 aliis

561 2126 677 2156 non.
753 2108 826 2156 Et
859 2110 927 2156 sic
961 2110 1012 2156 in
1045 2109 1152 2155 aliis
1184 2108 1345 2156 choris
1371 2107 1542 2155 nullus
1568 2114 1620 2155 et
1646 2124 1798 2154 nemo
1825 2113 1927 2153 stat
1954 2124 2044 2170 pro
2071 2106 2155 2163 eis,

560 2176 647 2239 qui
686 2176 860 2223 laudat
897 2177 1052 2223 deum
1091 2183 1143 2224 et
1181 2182 1327 2238 rogat
1366 2192 1456 2239 pro
1494 2174 1620 2222 vivis
1658 2180 1710 2221 et
1747 2191 1837 2238 pro
1874 2174 2156 2222 defunctis:

561 2250 705 2290 estne
744 2244 840 2290 hoc
876 2246 1048 2290 recte?
1120 2244 1293 2298 Quare
1326 2259 1428 2289 non
1462 2242 1790 2304 inquiruntur
1816 2257 1964 2304 super
1988 2258 2072 2288 eos
2106 2248 2158 2288 et

560 2310 879 2373 interrogant
896 2328 1064 2357 coram
1086 2310 1262 2357 multis
1282 2309 1488 2356 notariis
1506 2315 1558 2356 et
1577 2308 1754 2356 multis
1770 2308 1988 2355 testibus
2007 2308 2159 2366 (sicut

560 2377 682 2425 olim
709 2379 759 2424 in
785 2378 961 2424 Mentz
990 2378 1242 2434 fecerunt)
1262 2383 1312 2423 et
1339 2377 1518 2424 dicunt
1538 2384 1547 2401 ⁶
1565 2376 1688 2440 quid
1714 2374 1950 2423 creditis?
1987 2375 2059 2422 ita
2079 2376 2158 2423 vel

559 2447 690 2492 non?
708 2444 908 2492 creditis
926 2445 1004 2492 vel
1022 2462 1123 2491 non
1142 2444 1370 2492 creditis?
1396 2444 1519 2507 quid
1537 2443 1739 2491 creditis
1755 2444 1817 2489 de
1833 2443 2159 2490 sacramentis

559 2512 612 2559 in
649 2512 857 2559 ecclesia
893 2513 1009 2560 dei?
1081 2512 1282 2559 Dicatis
1321 2512 1466 2558 nobis
1503 2517 1631 2574 quot
1668 2516 1786 2557 sunt
1824 2517 2156 2563 sacramenta,

559 2585 611 2626 et
649 2596 804 2642 quam
841 2580 996 2627 fidem
1033 2579 1085 2626 in
1123 2579 1271 2627 corde
1298 2585 1465 2626 vestro
1502 2577 1716 2642 portatis
1745 2578 1807 2624 de
1841 2584 2158 2624 sacramento

560 2646 923 2694 eucharistiae:
967 2655 1110 2694 estne
1148 2647 1216 2693 ibi
1255 2663 1435 2710 corpus
1472 2652 1523 2693 et
1561 2644 1764 2709 sanguis
1805 2644 2031 2691 Christi?
2104 2645 2157 2691 Si

561 2714 779 2769 creditis,
796 2714 1001 2777 quando
1020 2731 1140 2777 ergo
1160 2720 1434 2778 postquam
1461 2714 1666 2760 missam
1684 2711 1875 2774 legistis
1896 2712 1954 2773 (si
1975 2711 2156 2759 saltem

561 2780 611 2827 in
637 2797 770 2828 anno
797 2781 951 2828 semel
972 2781 1201 2845 legistis),
1221 2781 1395 2828 statim
1416 2781 1620 2843 quando
1642 2780 1703 2826 ad
1729 2781 1943 2826 domum
1969 2779 2156 2826 iterum

561 2847 760 2903 vaditis,
780 2849 1062 2895 concubina
1082 2855 1249 2896 vestra
1275 2848 1464 2894 habens
1483 2864 1648 2894 mores
1669 2854 1721 2893 et
1742 2847 2029 2910 inspectum
2057 2846 2156 2893 acsi

561 2921 691 2962 esset
730 2931 830 2961 una
862 2916 1117 2967 meretrix,
1146 2915 1410 2963 vobiscum
1436 2914 1487 2961 in
1513 2915 1667 2961 domo
1693 2914 1772 2960 vel
1798 2913 1850 2959 in
1876 2930 2051 2960 mensa
2076 2913 2157 2959 vel

561 2982 612 3028 in
649 2998 848 3029 camera
884 2984 983 3044 [est
1019 2982 1203 3033 hilaris,
1230 2983 1378 3038 ludit,
1405 2982 1614 3037 iocatur,
1642 2988 1694 3028 et
1729 2981 1902 3027 taliter
1939 2980 2156 3043 qualiter
2195 2992 2210 3021 7

560 3049 681 3095 facit
719 3052 875 3112 etc.]?
912 3050 1089 3097 dicatis
1125 3051 1270 3097 nobis
1307 3050 1344 3096 si
1380 3048 1580 3096 creditis
1611 3049 1736 3096 adeo
1770 3064 2015 3111 magnum
2051 3063 2157 3094 esse

560 3116 815 3164 fructum:
856 3117 930 3163 Et
966 3118 1052 3180 qui
1089 3118 1184 3164 deo
1220 3117 1402 3182 placet,
1441 3133 1503 3163 ex
1541 3116 1705 3171 missa,
1734 3115 1862 3162 sicut
1900 3115 1951 3160 in
1988 3114 2154 3160 decre-

560 3183 747 3230 talibus
774 3190 826 3231 et
851 3185 902 3230 in
927 3185 1230 3231 tractatibus
1257 3183 1640 3247 'l'heologorum
1668 3189 1796 3229 stat:
1836 3182 2009 3236 Quare
2036 3197 2156 3244 ergo

562 3266 650 3297 vos
677 3250 872 3297 habetis
898 3258 979 3298 tot
1006 3251 1265 3307 beneficia,
1292 3268 1424 3315 quae
1454 3257 1662 3314 possent
1688 3249 1913 3312 quinque
1945 3254 2034 3294 aut
2068 3264 2155 3294 sex

561 3317 772 3364 devotos
790 3319 1072 3366 sacerdotes
1090 3325 1374 3366 sustentare
1383 3318 1470 3381 qui
1486 3318 1703 3364 libenter
1720 3317 1947 3378 legerent
1964 3315 2154 3368 missas,

561 3382 647 3445 qui
672 3383 851 3431 libenti
878 3386 1048 3432 animo
1073 3387 1300 3434 facerent
1325 3383 1725 3449 praedicationes
1752 3383 1812 3428 ad
1835 3381 2083 3445 populum
2104 3388 2157 3429 et

561 3450 623 3496 ad
651 3450 857 3506 clerum,
884 3453 971 3515 (1111
997 3460 1206 3516 possent
1232 3454 1350 3500 dare
1377 3451 1582 3499 consilia
1606 3467 1696 3514 pro
1724 3450 1912 3495 honore
1943 3448 2038 3501 dei,
2065 3465 2156 3512 pro

606 3564 634 3584 5⁰
660 3578 753 3602 non:
772 3568 927 3612 perhaps
946 3569 1091 3603 foi-1108.
1441 3565 1468 3584 ⁶⁶
1486 3570 1629 3601 Mentzr:
1655 3566 1837 3609 referring
1862 3570 1900 3599 to
1926 3565 1990 3600 the
2015 3578 2096 3602 case
2122 3567 2163 3601 of

1396 3614 1619 3647 Rueherath.
1671 3615 1737 3646 See
1756 3613 1776 3646 1.
1796 3612 1854 3654 47,
1875 3624 1908 3645 η.

1441 3660 1469 3679 ⁷⁵
1486 3666 1534 3694 est
1565 3662 1623 3693 llil.
1676 3659 1753 3693 The
1779 3659 1895 3693 words
1924 3660 1960 3693 in
1989 3660 2158 3695 brackets

1396 3719 1488 3742 were
1506 3707 1667 3741 inserted
1687 3707 1723 3739 in
1742 3706 1805 3740 the
1824 3707 1905 3742 edu.
1928 3707 1969 3741 of
1985 3708 2084 3742 1599.

1323 3769 1414 3813 271

606 3633 633 3654 ⁵⁶
660 3641 723 3670 unt
747 3649 759 3671 .·
776 3637 833 3671 for
851 3640 1026 3672 nutriunt.

606 3704 633 3723 ⁵⁹
661 3708 736 3740 imb.
753 3718 764 3740 .·
784 3707 839 3740 for
859 3708 1038 3742 inmun-at.

229 4094 231 4106 1

228 4110 229 4122 i

228 4136 245 4162 2:

229 4165 245 4199 ἱ]

226 4204 245 4224 η,

226 4226 245 4256 i:

243 4269 245 4279 1

243 4282 245 4322 !

0 4256 1449 4368 ὲ

2194 954 2232 982 45

2196 1320 2234 1349 5⁴)

2197 1654 2234 1682 55

2196 1987 2234 2016 60

2197 2323 2234 2352 ⁴35

2197 2659 2233 2688 ΤΟ

2194 3331 2230 3359 &O
