2247 3637
392 256 863 312 EPISTOLAE
925 255 1518 313 OBSCURORUM
1573 254 1987 310 VIRORUM

390 382 473 413 me
499 364 725 412 conferre
749 365 812 412 ad
837 371 1020 429 partes,
1046 364 1214 411 fiendo
1238 364 1498 429 presbiter.
1574 362 1757 411 Valete
1783 362 1985 426 iugiter.

317 452 355 482 60
391 432 594 479 Datum
621 432 887 480 Romanae
915 431 1110 479 Curiae.

392 563 554 600 illarum
578 563 928 614 Epigrammaticum
952 562 1256 613 coygsectz'onalnm
1276 577 1346 614 Just·
1372 561 1599 598 ll'ilhelmmn
1626 560 1746 610 Lamp
1769 560 1826 599 M.
1854 566 1988 612 septem

580 618 713 654 artium
735 617 939 654 liberalium
963 617 1211 654 Coloniensem
1233 617 1278 653 In
1299 616 1442 653 [malem
1464 614 1671 652 Ale.ramlri
1695 614 1799 650 Galli

501 713 581 759 Qui
602 712 689 749 vult
709 712 863 749 discere
883 715 1199 762 grammaticam,
1256 712 1367 761 legat
1389 710 1608 748 Alexandri
1630 712 1854 755 materiam,

501 768 616 814 Quae
638 772 700 804 est
720 767 844 803 divisa
864 769 905 802 in
922 772 1113 816 quattuor
1133 770 1280 816 partes,
1338 766 1488 802 docens
1508 764 1655 801 multas
1676 763 1800 801 bonas
1822 765 1954 810 Artes,

317 835 356 865 (35
504 821 706 858 Praebens
727 820 787 856 lac
808 824 850 856 et
871 821 951 857 mel
972 823 1119 870 pueris,
1175 822 1278 857 sicut
1298 819 1418 856 docet
1438 818 1561 855 Glosa
1580 817 1770 855 notabilis

504 876 551 911 In
573 873 736 911 Colonia
758 873 886 911 facta:
945 877 1159 924 praecipue
1178 874 1309 923 quoad
1331 878 1460 910 metra

502 929 656 978 Collige
677 933 833 978 partem
855 930 1041 965 tertiam:
1100 931 1183 977 ipsa
1203 927 1323 964 tollet
1343 928 1418 964 tibi
1439 939 1587 964 omnen
1609 927 1810 970 inertiam,

502 984 614 1020 Sicut
636 981 733 1020 fecit
753 981 866 1027 mihi,
922 984 990 1032 qui
1012 982 1183 1019 multum
1207 995 1255 1019 ex
1278 981 1351 1018 hac
1372 980 1509 1018 didici.

1063 1234 1319 1281 XXXVI

424 1371 487 1418 (I
526 1369 967 1417 IOHAAWAES'
1002 1370 1382 1417 ARNOLDJ
1414 1369 1492 1417 M.
1531 1369 1746 1416 Ortvino
1782 1368 1971 1416 Gratio

989 1436 1211 1486 Salutem
1236 1438 1308 1485 J).
1336 1438 1398 1486 Ρ.

496 1570 947 1618 REDIDERIM
990 1570 1170 1633 utique
1208 1571 1346 1635 quod
1387 1570 1679 1619 audiveritis
1719 1569 1799 1618 vel
1841 1567 1994 1617 fuerit

528 1637 670 1686 vobis
696 1637 924 1702 pluscule
949 1636 1147 1685 dictum
1168 1637 1385 1702 qualiter
1402 1655 1463 1686 ex
1485 1637 1706 1702 quadam
1723 1636 1994 1684 affectione

339 1723 357 1751 5
393 1705 599 1754 animali
624 1705 757 1753 bona
781 1704 1087 1752 contulerim
1112 1721 1194 1751 me
1218 1704 1508 1769 nuperrime
1545 1705 1728 1752 viatica
1766 1703 1993 1751 ambula-

393 1773 534 1821 tione
554 1772 618 1819 ad
633 1773 879 1820 urbanam
898 1772 1097 1819 Romae
1117 1772 1327 1819 Curiam
1345 1789 1494 1819 causa
1512 1772 1694 1819 lucruli
1711 1771 1773 1817 ad
1794 1787 1993 1818 consar-

396 1840 674 1888 cinandum
717 1855 881 1886 unum
930 1838 1286 1886 beneficiolum
1330 1856 1417 1887 seu
1461 1838 1873 1903 praebendiolam
1917 1837 1996 1884 vel

396 1907 711 1972 parrochiam
772 1905 995 1968 aliquam
1054 1906 1276 1961 missam,
1327 1906 1463 1954 unde
1510 1906 1698 1970 poterit
1747 1904 1871 1953 mihi
1931 1921 1994 1952 ex

396 1991 532 2021 nunc
558 1990 720 2038 usque
744 1973 806 2019 ad
844 1973 998 2020 finem
1036 1972 1169 2020 vitae
1194 1989 1337 2021 meae
1373 1974 1600 2021 sufficere
1637 1989 1692 2020 ac
1726 1978 1996 2036 suppetere

323 2056 362 2086 10
397 2041 563 2089 victus
589 2047 642 2089 et
665 2040 898 2091 amictus,
919 2039 959 2086 si
983 2039 1153 2087 divina
1179 2039 1396 2087 voluerit
1421 2040 1501 2087 dei
1525 2040 1700 2103 gratia.
1764 2040 1994 2095 Quamo-

398 2109 556 2164 brem,
583 2124 666 2156 me
691 2106 895 2156 hercule
921 2106 1000 2154 vel
1026 2106 1390 2163 mediusfidius,
1418 2106 1695 2155 debueritis
1733 2106 1857 2153 mihi
1894 2121 1995 2153 non

397 2175 670 2223 rariuscule
708 2191 864 2223 unam
901 2173 1155 2222 literulam
1191 2174 1426 2222 amiciose
1463 2174 1737 2222 conflatam
1775 2190 1826 2220 se
1863 2189 1995 2220 com-

399 2241 612 2307 pilatam
666 2241 925 2294 ascribere,
975 2247 1027 2288 et
1075 2241 1126 2288 in
1174 2257 1233 2288 ea
1279 2241 1669 2289 affectionaliter
1715 2239 1998 2304 significare

401 2309 662 2373 quomodo
720 2308 959 2356 steteritis
1006 2308 1056 2355 in
1105 2309 1245 2355 omni
1292 2308 1541 2371 qualitate
1590 2306 1850 2372 Corporali
1908 2323 1997 2355 seu

328 2391 365 2420 15
401 2375 621 2431 animali,
670 2375 743 2423 Et
790 2375 1050 2438 quomodo
1092 2375 1287 2423 fueritis
1325 2375 1619 2423 fortunatus
1666 2374 1887 2422 fataliter
1933 2390 1996 2421 ex

402 2442 862 2508 praedestinatione
908 2441 1080 2488 divina
1125 2459 1256 2505 quae
1304 2441 1403 2490 fuit
1450 2450 1568 2490 ante
1611 2442 1823 2496 saecula,
1866 2441 1998 2489 sicut

402 2510 588 2558 dixerit
627 2509 931 2557 Lactantius
973 2525 1127 2573 quem
1164 2509 1453 2573 nuperrime
1499 2508 1780 2557 audiverim
1828 2507 1999 2555 studio

406 2576 744 2632 intentionali,
793 2576 998 2640 quando
1046 2575 1208 2622 lectus
1267 2576 1422 2624 fuerit
1479 2575 1762 2623 formaliter
1809 2574 1888 2621 hic
1947 2574 1997 2621 in

405 2652 543 2708 sapia
590 2650 848 2708 praeterea
896 2642 1178 2691 Enimvero
1238 2643 1433 2690 venerit
1481 2659 1612 2690 unus
1660 2641 1876 2689 sociolus
1934 2657 1997 2689 ex

330 2725 369 2753 20
405 2712 621 2760 Colonia
659 2717 711 2759 et
747 2710 926 2774 gelidis
964 2709 1236 2756 Almaniae
1276 2710 1516 2773 partibus,
1559 2715 1830 2774 apportans
1872 2708 1999 2772 epis-

403 2778 528 2826 tolia
565 2777 769 2826 missiva
806 2776 1041 2825 hincinde
1079 2776 1170 2823 sibi
1212 2776 1498 2840 astipulata,
1538 2776 1588 2823 A
1625 2793 1727 2839 quo
1765 2775 2001 2823 videlicet

407 2845 733 2893 intellixerim
759 2844 978 2909 qualiter
1003 2860 1090 2890 vos
1115 2843 1304 2890 fecistis
1330 2843 1618 2906 imprimere
1654 2849 1762 2891 arte
1799 2842 1998 2890 charac-

452 2945 479 2965 ⁶⁶
500 2950 614 2981 (ilo-sa.
665 2948 731 2981 See
749 2947 770 2980 i.
789 2949 825 2989 3,
844 2958 878 2982 η.
1289 2944 1314 2963 ¹⁹
1332 2957 1430 2987 mlh:
1454 2958 1514 2980 sce
1532 2946 1565 2979 ii.
1586 2946 1641 2989 32,
1660 2958 1693 2980 γι.

452 2992 630 3028 ”mmmm
681 2992 895 3038 Sie‚i11[1)].
1288 2991 1404 3027 ²¹sihi.
1455 2993 1490 3026 It
1527 2993 1556 3026 is
1595 2992 1730 3027 useless
1767 2997 1805 3026 to
1842 2996 2000 3036 attempt

455 3041 466 3061 ¹
485 3041 564 3075 The
598 3041 769 3074 fautastic
801 3040 896 3085 style
929 3039 972 3073 of
1001 3039 1075 3073 this
1104 3039 1168 3084 Ep.
1238 3039 1302 3073 tbe
1319 3038 1656 3084 disenmnglement
1672 3040 1714 3074 of
1730 3039 1806 3073 Ass
1830 3043 1998 3073 account.

408 3088 510 3121 bears
541 3099 587 3121 no
618 3087 867 3122 resemblance
896 3092 934 3121 to
964 3086 1045 3121 that
1073 3087 1115 3120 of
1146 3087 1167 3122 i.
1239 3086 1424 3129 (Biscking
1448 3086 1580 3121 doubts
1603 3086 1768 3121 whether
1791 3097 1842 3121 we
1867 3084 1999 3119 should

411 3136 465 3177 10,
485 3135 528 3168 A.
550 3134 660 3179 being
678 3146 757 3168 now
778 3134 924 3169 “aliter
941 3132 1121 3168 stilatusss’
1238 3133 1341 3168 dcem
1362 3133 1435 3166 him
1457 3145 1560 3178 erazy
1578 3145 1619 3168 or
1638 3132 1776 3178 merely
1794 3133 1891 3178 tipsy
1907 3131 1932 3175 l)

1169 3193 1266 3235 210
