<?xml version="1.0" encoding="UTF-8"?>
<!DOCTYPE html PUBLIC "-//W3C//DTD XHTML 1.0 Transitional//EN"
    "http://www.w3.org/TR/xhtml1/DTD/xhtml1-transitional.dtd">
<html xmlns="http://www.w3.org/1999/xhtml" xml:lang="en" lang="en">
 <head>
  <title>
</title>
<meta http-equiv="Content-Type" content="text/html;charset=utf-8" />
  <meta name='ocr-system' content='tesseract 3.04.00' />
  <meta name='ocr-capabilities' content='ocr_page ocr_carea ocr_par ocr_line ocrx_word'/>
</head>
<body>
  <div class='ocr_page' id='page_1' title='image "./epistolaeobscuro00huttuoft_0337.png"; bbox 0 0 2247 3637; ppageno 0'>
   <div class='ocr_carea' id='block_1_1' title="bbox 192 232 1476 293">
    <p class='ocr_par' dir='ltr' id='par_1_1' title="bbox 192 232 1476 293">
     <span class='ocr_line' id='line_1_1' title="bbox 192 232 1476 293; baseline 0.008 -13"><span class='ocrx_word' id='word_1_1' title='bbox 192 243 244 283; x_wconf 88' lang='lat'><strong>11.</strong></span> <span class='ocrx_word' id='word_1_2' title='bbox 270 245 337 293; x_wconf 61' lang='grc' dir='ltr'><strong>ιτο]</strong></span> <span class='ocrx_word' id='word_1_3' title='bbox 507 232 1024 289; x_wconf 79' lang='lat' dir='ltr'><strong>BALTHASAR</strong></span> <span class='ocrx_word' id='word_1_4' title='bbox 1080 233 1172 290; x_wconf 79' lang='lat' dir='ltr'><strong>SC</strong></span> <span class='ocrx_word' id='word_1_5' title='bbox 1187 235 1476 292; x_wconf 86' lang='lat' dir='ltr'><strong>LAUCH</strong></span> 
     </span>
    </p>
   </div>
   <div class='ocr_carea' id='block_1_2' title="bbox 192 342 1868 936">
    <p class='ocr_par' dir='ltr' id='par_1_2' title="bbox 192 342 1868 936">
     <span class='ocr_line' id='line_1_2' title="bbox 192 342 1784 409; baseline 0 -18"><span class='ocrx_word' id='word_1_6' title='bbox 192 344 330 408; x_wconf 92' lang='lat' dir='ltr'><strong>quod</strong></span> <span class='ocrx_word' id='word_1_7' title='bbox 378 342 534 390; x_wconf 87' lang='lat' dir='ltr'><strong>vellet</strong></span> <span class='ocrx_word' id='word_1_8' title='bbox 592 343 718 390; x_wconf 92' lang='lat' dir='ltr'><strong>mihi</strong></span> <span class='ocrx_word' id='word_1_9' title='bbox 777 344 896 392; x_wconf 90' lang='lat' dir='ltr'><strong>dare</strong></span> <span class='ocrx_word' id='word_1_10' title='bbox 954 344 1111 391; x_wconf 87' lang='lat' dir='ltr'><strong>bonas</strong></span> <span class='ocrx_word' id='word_1_11' title='bbox 1170 344 1423 409; x_wconf 82' lang='lat' dir='ltr'>propinas,</span> <span class='ocrx_word' id='word_1_12' title='bbox 1473 345 1612 409; x_wconf 93' lang='lat' dir='ltr'><strong>quod</strong></span> <span class='ocrx_word' id='word_1_13' title='bbox 1659 344 1784 393; x_wconf 90' lang='lat' dir='ltr'><strong>irem</strong></span> 
     </span>
     <span class='ocr_line' id='line_1_3' title="bbox 193 409 1785 476; baseline 0 -17"><span class='ocrx_word' id='word_1_14' title='bbox 193 411 336 459; x_wconf 92' lang='lat' dir='ltr'><strong>omni</strong></span> <span class='ocrx_word' id='word_1_15' title='bbox 394 409 476 457; x_wconf 95' lang='lat' dir='ltr'><strong>die</strong></span> <span class='ocrx_word' id='word_1_16' title='bbox 534 409 609 456; x_wconf 91' lang='lat' dir='ltr'><strong>bis</strong></span> <span class='ocrx_word' id='word_1_17' title='bbox 657 410 738 458; x_wconf 90' lang='lat' dir='ltr'><strong>vel</strong></span> <span class='ocrx_word' id='word_1_18' title='bbox 783 417 862 458; x_wconf 89' lang='lat' dir='ltr'><strong>ter</strong></span> <span class='ocrx_word' id='word_1_19' title='bbox 908 411 971 458; x_wconf 90' lang='lat' dir='ltr'><strong>ad</strong></span> <span class='ocrx_word' id='word_1_20' title='bbox 1019 411 1264 458; x_wconf 84' lang='lat' dir='ltr'>Rhenum</span> <span class='ocrx_word' id='word_1_21' title='bbox 1313 412 1532 459; x_wconf 89' lang='lat' dir='ltr'><strong>videndo</strong></span> <span class='ocrx_word' id='word_1_22' title='bbox 1579 412 1785 476; x_wconf 90' lang='lat' dir='ltr'><strong>quando</strong></span> 
     </span>
     <span class='ocr_line' id='line_1_4' title="bbox 195 476 1861 542; baseline 0.001 -16"><span class='ocrx_word' id='word_1_23' title='bbox 195 494 348 526; x_wconf 90' lang='lat' dir='ltr'><strong>naves</strong></span> <span class='ocrx_word' id='word_1_24' title='bbox 380 476 589 524; x_wconf 86' lang='lat' dir='ltr'><strong>veniant</strong></span> <span class='ocrx_word' id='word_1_25' title='bbox 617 493 680 524; x_wconf 87' lang='lat' dir='ltr'><strong>ex</strong></span> <span class='ocrx_word' id='word_1_26' title='bbox 711 477 941 541; x_wconf 89' lang='lat' dir='ltr'><strong>partibus</strong></span> <span class='ocrx_word' id='word_1_27' title='bbox 970 477 1290 526; x_wconf 87' lang='lat' dir='ltr'><strong>inferioribus</strong></span> <span class='ocrx_word' id='word_1_28' title='bbox 1310 478 1392 525; x_wconf 86' lang='lat' dir='ltr'><strong>vel</strong></span> <span class='ocrx_word' id='word_1_29' title='bbox 1416 479 1786 542; x_wconf 87' lang='lat' dir='ltr'><strong>superioribus:</strong></span> <span class='ocrx_word' id='word_1_30' title='bbox 1822 497 1861 527; x_wconf 87' lang='lat'><strong>15</strong></span> 
     </span>
     <span class='ocr_line' id='line_1_5' title="bbox 195 544 1788 609; baseline 0 -16"><span class='ocrx_word' id='word_1_31' title='bbox 195 551 247 593; x_wconf 87' lang='lat' dir='ltr'><strong>et</strong></span> <span class='ocrx_word' id='word_1_32' title='bbox 284 545 490 609; x_wconf 90' lang='lat' dir='ltr'><strong>quando</strong></span> <span class='ocrx_word' id='word_1_33' title='bbox 526 544 673 591; x_wconf 89' lang='lat' dir='ltr'><strong>beani</strong></span> <span class='ocrx_word' id='word_1_34' title='bbox 710 551 832 592; x_wconf 89' lang='lat' dir='ltr'><strong>sunt</strong></span> <span class='ocrx_word' id='word_1_35' title='bbox 866 544 1022 601; x_wconf 79' lang='lat' dir='ltr'><strong>intus,</strong></span> <span class='ocrx_word' id='word_1_36' title='bbox 1046 552 1172 592; x_wconf 89' lang='lat' dir='ltr'><strong>tunc</strong></span> <span class='ocrx_word' id='word_1_37' title='bbox 1209 545 1447 593; x_wconf 81' lang='lat' dir='ltr'><strong>deberem</strong></span> <span class='ocrx_word' id='word_1_38' title='bbox 1477 546 1547 593; x_wconf 92' lang='lat' dir='ltr'><strong>eis</strong></span> <span class='ocrx_word' id='word_1_39' title='bbox 1577 546 1788 593; x_wconf 82' lang='lat' dir='ltr'><strong>suadere</strong></span> 
     </span>
     <span class='ocr_line' id='line_1_6' title="bbox 195 611 1789 677; baseline 0.001 -19"><span class='ocrx_word' id='word_1_40' title='bbox 195 612 335 675; x_wconf 94' lang='lat' dir='ltr'><strong>quod</strong></span> <span class='ocrx_word' id='word_1_41' title='bbox 368 611 631 659; x_wconf 76' lang='lat' dir='ltr'><strong>visitarent</strong></span> <span class='ocrx_word' id='word_1_42' title='bbox 662 612 713 658; x_wconf 92' lang='lat' dir='ltr'><strong>in</strong></span> <span class='ocrx_word' id='word_1_43' title='bbox 743 612 894 659; x_wconf 89' lang='lat' dir='ltr'><strong>bursa</strong></span> <span class='ocrx_word' id='word_1_44' title='bbox 931 628 1033 660; x_wconf 89' lang='lat' dir='ltr'><strong>sua.</strong></span> <span class='ocrx_word' id='word_1_45' title='bbox 1106 612 1181 659; x_wconf 90' lang='lat' dir='ltr'><strong>Et</strong></span> <span class='ocrx_word' id='word_1_46' title='bbox 1212 629 1303 676; x_wconf 88' lang='lat' dir='ltr'><strong>per</strong></span> <span class='ocrx_word' id='word_1_47' title='bbox 1332 613 1487 660; x_wconf 90' lang='lat' dir='ltr'><strong>deum</strong></span> <span class='ocrx_word' id='word_1_48' title='bbox 1526 629 1622 677; x_wconf 85' lang='lat' dir='ltr'><strong>ego</strong></span> <span class='ocrx_word' id='word_1_49' title='bbox 1659 613 1789 660; x_wconf 93' lang='lat' dir='ltr'><strong>bene</strong></span> 
     </span>
     <span class='ocr_line' id='line_1_7' title="bbox 196 677 1789 743; baseline 0.001 -17"><span class='ocrx_word' id='word_1_50' title='bbox 196 678 395 743; x_wconf 87' lang='lat' dir='ltr'><strong>portavi</strong></span> <span class='ocrx_word' id='word_1_51' title='bbox 437 678 482 725; x_wconf 91' lang='lat' dir='ltr'><strong>ei</strong></span> <span class='ocrx_word' id='word_1_52' title='bbox 522 677 704 741; x_wconf 85' lang='lat' dir='ltr'><strong>viginti</strong></span> <span class='ocrx_word' id='word_1_53' title='bbox 743 678 929 727; x_wconf 89' lang='lat' dir='ltr'><strong>beanos</strong></span> <span class='ocrx_word' id='word_1_54' title='bbox 971 686 1022 727; x_wconf 94' lang='lat' dir='ltr'><strong>et</strong></span> <span class='ocrx_word' id='word_1_55' title='bbox 1062 679 1257 743; x_wconf 89' lang='lat' dir='ltr'><strong>perdidi</strong></span> <span class='ocrx_word' id='word_1_56' title='bbox 1304 679 1530 727; x_wconf 89' lang='lat' dir='ltr'><strong>multum</strong></span> <span class='ocrx_word' id='word_1_57' title='bbox 1568 686 1789 743; x_wconf 85' lang='lat' dir='ltr'><strong>tempuS‚</strong></span> 
     </span>
     <span class='ocr_line' id='line_1_8' title="bbox 196 744 1791 794; baseline 0.001 -1"><span class='ocrx_word' id='word_1_58' title='bbox 196 744 446 793; x_wconf 91' lang='lat' dir='ltr'><strong>currendo</strong></span> <span class='ocrx_word' id='word_1_59' title='bbox 478 744 731 793; x_wconf 83' lang='lat' dir='ltr'><strong>hincinde.</strong></span> <span class='ocrx_word' id='word_1_60' title='bbox 804 745 878 793; x_wconf 89' lang='lat' dir='ltr'><strong>Et</strong></span> <span class='ocrx_word' id='word_1_61' title='bbox 905 747 1086 794; x_wconf 88' lang='lat' dir='ltr'><strong>fuisset</strong></span> <span class='ocrx_word' id='word_1_62' title='bbox 1111 746 1293 794; x_wconf 92' lang='lat' dir='ltr'><strong>melius</strong></span> <span class='ocrx_word' id='word_1_63' title='bbox 1318 747 1526 794; x_wconf 89' lang='lat' dir='ltr'><strong>studere</strong></span> <span class='ocrx_word' id='word_1_64' title='bbox 1552 747 1637 794; x_wconf 93' lang='lat' dir='ltr'><strong>illo</strong></span> <span class='ocrx_word' id='word_1_65' title='bbox 1661 753 1791 794; x_wconf 88' lang='lat' dir='ltr'><strong>tem-</strong></span> 
     </span>
     <span class='ocr_line' id='line_1_9' title="bbox 198 812 1868 877; baseline -0.001 -17"><span class='ocrx_word' id='word_1_66' title='bbox 198 829 332 877; x_wconf 89' lang='lat' dir='ltr'><strong>pore.</strong></span> <span class='ocrx_word' id='word_1_67' title='bbox 408 812 508 859; x_wconf 91' lang='lat' dir='ltr'><strong>Sed</strong></span> <span class='ocrx_word' id='word_1_68' title='bbox 544 812 650 876; x_wconf 91' lang='lat' dir='ltr'><strong>ipse</strong></span> <span class='ocrx_word' id='word_1_69' title='bbox 685 829 952 876; x_wconf 91' lang='lat' dir='ltr'><strong>nunquam</strong></span> <span class='ocrx_word' id='word_1_70' title='bbox 988 814 1130 861; x_wconf 93' lang='lat' dir='ltr'><strong>dedit</strong></span> <span class='ocrx_word' id='word_1_71' title='bbox 1171 813 1295 861; x_wconf 90' lang='lat' dir='ltr'><strong>mihi</strong></span> <span class='ocrx_word' id='word_1_72' title='bbox 1337 812 1542 877; x_wconf 84' lang='lat' dir='ltr'><strong>aliquid.</strong></span> <span class='ocrx_word' id='word_1_73' title='bbox 1615 813 1793 861; x_wconf 88' lang='lat' dir='ltr'><strong>Etiam</strong></span> <span class='ocrx_word' id='word_1_74' title='bbox 1829 830 1868 859; x_wconf 86' lang='lat'><strong>20</strong></span> 
     </span>
     <span class='ocr_line' id='line_1_10' title="bbox 198 879 1795 936; baseline 0.001 -9"><span class='ocrx_word' id='word_1_75' title='bbox 198 879 341 928; x_wconf 87' lang='lat' dir='ltr'><strong>dedit</strong></span> <span class='ocrx_word' id='word_1_76' title='bbox 364 879 509 926; x_wconf 90' lang='lat' dir='ltr'><strong>nobis</strong></span> <span class='ocrx_word' id='word_1_77' title='bbox 534 879 669 926; x_wconf 90' lang='lat' dir='ltr'><strong>mala</strong></span> <span class='ocrx_word' id='word_1_78' title='bbox 694 879 910 928; x_wconf 88' lang='lat' dir='ltr'><strong>bursalia</strong></span> <span class='ocrx_word' id='word_1_79' title='bbox 938 887 990 928; x_wconf 88' lang='lat' dir='ltr'><strong>et</strong></span> <span class='ocrx_word' id='word_1_80' title='bbox 1019 897 1212 929; x_wconf 90' lang='lat' dir='ltr'><strong>macras</strong></span> <span class='ocrx_word' id='word_1_81' title='bbox 1248 898 1439 936; x_wconf 86' lang='lat' dir='ltr'><strong>carnes,</strong></span> <span class='ocrx_word' id='word_1_82' title='bbox 1466 887 1519 929; x_wconf 88' lang='lat' dir='ltr'><strong>et</strong></span> <span class='ocrx_word' id='word_1_83' title='bbox 1554 881 1795 929; x_wconf 89' lang='lat' dir='ltr'><strong>acerbum</strong></span> 
     </span>
    </p>
   </div>
   <div class='ocr_carea' id='block_1_3' title="bbox 197 946 1797 1063">
    <p class='ocr_par' dir='ltr' id='par_1_3' title="bbox 197 946 1797 1063">
     <span class='ocr_line' id='line_1_11' title="bbox 197 946 1797 1060; baseline 0 -65"><span class='ocrx_word' id='word_1_84' title='bbox 197 953 396 1060; x_wconf 50' lang='lat' dir='ltr'><strong>potursrli.</strong></span> <span class='ocrx_word' id='word_1_85' title='bbox 486 946 560 993; x_wconf 88' lang='lat' dir='ltr'><strong>Et</strong></span> <span class='ocrx_word' id='word_1_86' title='bbox 607 948 820 1012; x_wconf 91' lang='lat' dir='ltr'><strong>potestis</strong></span> <span class='ocrx_word' id='word_1_87' title='bbox 861 948 906 995; x_wconf 90' lang='lat' dir='ltr'><strong>ei</strong></span> <span class='ocrx_word' id='word_1_88' title='bbox 949 948 1077 997; x_wconf 90' lang='lat' dir='ltr'><strong>bene</strong></span> <span class='ocrx_word' id='word_1_89' title='bbox 1119 949 1285 996; x_wconf 86' lang='lat' dir='ltr'><strong>dicere</strong></span> <span class='ocrx_word' id='word_1_90' title='bbox 1326 948 1464 1013; x_wconf 90' lang='lat' dir='ltr'><strong>quod</strong></span> <span class='ocrx_word' id='word_1_91' title='bbox 1506 948 1659 997; x_wconf 88' lang='lat' dir='ltr'><strong>debet</strong></span> <span class='ocrx_word' id='word_1_92' title='bbox 1701 947 1797 996; x_wconf 88' lang='lat' dir='ltr'><strong>ista</strong></span> 
     </span>
     <span class='ocr_line' id='line_1_12' title="bbox 197 1030 472 1063; baseline 0 -2"><span class='ocrx_word' id='word_1_93' title='bbox 197 1030 339 1063; x_wconf 84' lang='lat' dir='ltr'><strong>recor</strong></span> <span class='ocrx_word' id='word_1_94' title='bbox 377 1030 472 1061; x_wconf 89' lang='lat' dir='ltr'><strong>are.</strong></span> 
     </span>
    </p>
   </div>
   <div class='ocr_carea' id='block_1_4' title="bbox 302 1080 1875 1203">
    <p class='ocr_par' dir='ltr' id='par_1_4' title="bbox 302 1080 1875 1203">
     <span class='ocr_line' id='line_1_13' title="bbox 302 1080 1051 1130; baseline 0.003 -2"><span class='ocrx_word' id='word_1_95' title='bbox 302 1081 403 1129; x_wconf 90' lang='lat' dir='ltr'><strong>Sed</strong></span> <span class='ocrx_word' id='word_1_96' title='bbox 428 1097 516 1128; x_wconf 87' lang='lat' dir='ltr'><strong>vos</strong></span> <span class='ocrx_word' id='word_1_97' title='bbox 542 1080 708 1129; x_wconf 88' lang='lat' dir='ltr'><strong>valete</strong></span> <span class='ocrx_word' id='word_1_98' title='bbox 732 1081 784 1128; x_wconf 93' lang='lat' dir='ltr'><strong>in</strong></span> <span class='ocrx_word' id='word_1_99' title='bbox 808 1081 1051 1130; x_wconf 85' lang='lat' dir='ltr'><strong>Caritate.</strong></span> 
     </span>
     <span class='ocr_line' id='line_1_14' title="bbox 309 1164 1875 1203; baseline -0.005 -1"><span class='ocrx_word' id='word_1_100' title='bbox 309 1166 462 1203; x_wconf 87' lang='lat' dir='ltr'><strong>Datum</strong></span> <span class='ocrx_word' id='word_1_101' title='bbox 485 1165 555 1203; x_wconf 93' lang='lat' dir='ltr'><strong>Lo.</strong></span> <span class='ocrx_word' id='word_1_102' title='bbox 1835 1164 1875 1195; x_wconf 87' lang='grc'><strong>25</strong></span> 
     </span>
    </p>
   </div>
   <div class='ocr_carea' id='block_1_5' title="bbox 921 1354 1096 1401">
    <p class='ocr_par' dir='ltr' id='par_1_5' title="bbox 921 1354 1096 1401">
     <span class='ocr_line' id='line_1_15' title="bbox 921 1354 1096 1401; baseline 0.006 -1"><span class='ocrx_word' id='word_1_103' title='bbox 921 1354 1096 1401; x_wconf 87' lang='lat' dir='ltr'><strong>XXX</strong></span> 
     </span>
    </p>
   </div>
   <div class='ocr_carea' id='block_1_6' title="bbox 327 1487 1683 1620">
    <p class='ocr_par' dir='ltr' id='par_1_6' title="bbox 327 1487 1683 1620">
     <span class='ocr_line' id='line_1_16' title="bbox 327 1487 1683 1537; baseline -0.001 -1"><span class='ocrx_word' id='word_1_104' title='bbox 327 1489 390 1537; x_wconf 71' lang='lat'><strong>([</strong></span> <span class='ocrx_word' id='word_1_105' title='bbox 426 1488 593 1534; x_wconf 79' lang='lat' dir='ltr'><strong>BAL</strong></span> <span class='ocrx_word' id='word_1_106' title='bbox 605 1489 640 1535; x_wconf 75' lang='grc' dir='ltr'><em>Ἰ</em></span> <span class='ocrx_word' id='word_1_107' title='bbox 645 1488 773 1535; x_wconf 82' lang='grc' dir='ltr'><strong>ἨΑ</strong></span> <span class='ocrx_word' id='word_1_108' title='bbox 781 1488 933 1535; x_wconf 76' lang='lat' dir='ltr'><strong>SAR</strong></span> <span class='ocrx_word' id='word_1_109' title='bbox 969 1487 1161 1535; x_wconf 79' lang='lat' dir='ltr'><em>SCLA</em></span> <span class='ocrx_word' id='word_1_110' title='bbox 1179 1488 1233 1535; x_wconf 93' lang='lat' dir='ltr'><em>U</em></span> <span class='ocrx_word' id='word_1_111' title='bbox 1231 1489 1345 1536; x_wconf 80' lang='lat' dir='ltr'><strong>CH</strong></span> <span class='ocrx_word' id='word_1_112' title='bbox 1374 1487 1683 1536; x_wconf 71' lang='lat' dir='ltr'><strong>baccalarz&#39;us</strong></span> 
     </span>
     <span class='ocr_line' id='line_1_17' title="bbox 408 1554 1607 1620; baseline 0.001 -18"><span class='ocrx_word' id='word_1_113' title='bbox 408 1554 981 1620; x_wconf 75' lang='lat' dir='ltr'><strong>leeologiaeformatus</strong></span> <span class='ocrx_word' id='word_1_114' title='bbox 1004 1555 1084 1602; x_wconf 88' lang='lat' dir='ltr'><strong>M.</strong></span> <span class='ocrx_word' id='word_1_115' title='bbox 1117 1555 1333 1603; x_wconf 73' lang='lat' dir='ltr'><strong>Ortvz&#39;no</strong></span> <span class='ocrx_word' id='word_1_116' title='bbox 1362 1556 1494 1603; x_wconf 71' lang='lat' dir='ltr'><strong>Gra..</strong></span> <span class='ocrx_word' id='word_1_117' title='bbox 1523 1556 1607 1603; x_wconf 79' lang='lat' dir='ltr'><strong>Sa.</strong></span> 
     </span>
    </p>
   </div>
   <div class='ocr_carea' id='block_1_7' title="bbox 204 1688 1884 2695">
    <p class='ocr_par' dir='ltr' id='par_1_7' title="bbox 331 1688 1807 1745">
     <span class='ocr_line' id='line_1_18' title="bbox 331 1688 1807 1745; baseline -0.001 -8"><span class='ocrx_word' id='word_1_118' title='bbox 331 1689 753 1737; x_wconf 82' lang='lat' dir='ltr'><strong>RATIARUM</strong></span> <span class='ocrx_word' id='word_1_119' title='bbox 795 1688 1020 1737; x_wconf 86' lang='lat' dir='ltr'><strong>actiones</strong></span> <span class='ocrx_word' id='word_1_120' title='bbox 1061 1689 1206 1737; x_wconf 87' lang='lat' dir='ltr'><strong>vobis</strong></span> <span class='ocrx_word' id='word_1_121' title='bbox 1248 1689 1540 1745; x_wconf 87' lang='lat' dir='ltr'><strong>immensas,</strong></span> <span class='ocrx_word' id='word_1_122' title='bbox 1566 1689 1807 1745; x_wconf 87' lang='lat' dir='ltr'><strong>infinitas,</strong></span> 
     </span>
    </p>

    <p class='ocr_par' dir='ltr' id='par_1_8' title="bbox 204 1755 1884 2695">
     <span class='ocr_line' id='line_1_19' title="bbox 365 1755 1809 1821; baseline -0.001 -17"><span class='ocrx_word' id='word_1_123' title='bbox 365 1755 737 1812; x_wconf 86' lang='lat' dir='ltr'><strong>inenarrabileS,</strong></span> <span class='ocrx_word' id='word_1_124' title='bbox 788 1756 1198 1812; x_wconf 87' lang='lat' dir='ltr'><strong>innumerabiles,</strong></span> <span class='ocrx_word' id='word_1_125' title='bbox 1246 1756 1686 1821; x_wconf 85' lang='lat' dir='ltr'><strong>incomparabiles,</strong></span> <span class='ocrx_word' id='word_1_126' title='bbox 1734 1755 1809 1803; x_wconf 91' lang='lat' dir='ltr'><strong>in-</strong></span> 
     </span>
     <span class='ocr_line' id='line_1_20' title="bbox 204 1822 1866 1887; baseline -0.001 -15"><span class='ocrx_word' id='word_1_127' title='bbox 204 1824 447 1879; x_wconf 84' lang='lat' dir='ltr'><strong>effabiles,</strong></span> <span class='ocrx_word' id='word_1_128' title='bbox 469 1823 607 1887; x_wconf 92' lang='lat' dir='ltr'><strong>quod</strong></span> <span class='ocrx_word' id='word_1_129' title='bbox 632 1822 840 1871; x_wconf 91' lang='lat' dir='ltr'><strong>misistis</strong></span> <span class='ocrx_word' id='word_1_130' title='bbox 875 1823 1001 1870; x_wconf 92' lang='lat' dir='ltr'><strong>mihi</strong></span> <span class='ocrx_word' id='word_1_131' title='bbox 1024 1823 1213 1871; x_wconf 90' lang='lat' dir='ltr'><strong>librum</strong></span> <span class='ocrx_word' id='word_1_132' title='bbox 1242 1824 1289 1872; x_wconf 87' lang='lat' dir='ltr'><strong>d.</strong></span> <span class='ocrx_word' id='word_1_133' title='bbox 1316 1824 1558 1871; x_wconf 89' lang='lat' dir='ltr'><strong>Iohannis</strong></span> <span class='ocrx_word' id='word_1_134' title='bbox 1594 1823 1810 1871; x_wconf 85' lang='lat' dir='ltr'><strong>Pfeffer-</strong></span> <span class='ocrx_word' id='word_1_135' title='bbox 1844 1834 1866 1864; x_wconf 80' lang='lat'>5</span> 
     </span>
     <span class='ocr_line' id='line_1_21' title="bbox 206 1890 1806 1954; baseline -0.001 -15"><span class='ocrx_word' id='word_1_136' title='bbox 206 1891 351 1947; x_wconf 84' lang='lat' dir='ltr'><strong>korn,</strong></span> <span class='ocrx_word' id='word_1_137' title='bbox 377 1890 466 1954; x_wconf 89' lang='lat' dir='ltr'><strong>qui</strong></span> <span class='ocrx_word' id='word_1_138' title='bbox 501 1890 796 1938; x_wconf 83' lang='lat' dir='ltr'><strong>intitulatur</strong></span> <span class='ocrx_word' id='word_1_139' title='bbox 846 1890 1144 1939; x_wconf 85' lang='lat' dir='ltr'><strong>“Defensio</strong></span> <span class='ocrx_word' id='word_1_140' title='bbox 1193 1891 1437 1938; x_wconf 90' lang='lat' dir='ltr'><strong>Iohannis</strong></span> <span class='ocrx_word' id='word_1_141' title='bbox 1480 1890 1806 1938; x_wconf 87' lang='lat' dir='ltr'><strong>Pfefferkorn</strong></span> 
     </span>
     <span class='ocr_line' id='line_1_22' title="bbox 206 1957 1811 2023; baseline -0.002 -16"><span class='ocrx_word' id='word_1_142' title='bbox 206 1965 384 2007; x_wconf 91' lang='lat' dir='ltr'><strong>contra</strong></span> <span class='ocrx_word' id='word_1_143' title='bbox 428 1958 691 2006; x_wconf 82' lang='lat' dir='ltr'><strong>famosas.’&#39;</strong></span> <span class='ocrx_word' id='word_1_144' title='bbox 768 1958 886 2022; x_wconf 84' lang='lat' dir='ltr'><strong>Ego</strong></span> <span class='ocrx_word' id='word_1_145' title='bbox 934 1957 1008 2006; x_wconf 85' lang='lat' dir='ltr'><strong>fui</strong></span> <span class='ocrx_word' id='word_1_146' title='bbox 1055 1958 1127 2006; x_wconf 91' lang='lat' dir='ltr'><strong>ita</strong></span> <span class='ocrx_word' id='word_1_147' title='bbox 1172 1959 1336 2006; x_wconf 90' lang='lat' dir='ltr'><strong>laetus</strong></span> <span class='ocrx_word' id='word_1_148' title='bbox 1384 1959 1590 2023; x_wconf 91' lang='lat' dir='ltr'><strong>quando</strong></span> <span class='ocrx_word' id='word_1_149' title='bbox 1638 1957 1811 2022; x_wconf 92' lang='lat' dir='ltr'><strong>accepi</strong></span> 
     </span>
     <span class='ocr_line' id='line_1_23' title="bbox 205 2024 1810 2090; baseline -0.001 -17"><span class='ocrx_word' id='word_1_150' title='bbox 205 2026 353 2074; x_wconf 91' lang='lat' dir='ltr'><strong>illum</strong></span> <span class='ocrx_word' id='word_1_151' title='bbox 378 2025 582 2081; x_wconf 89' lang='lat' dir='ltr'><strong>librum,</strong></span> <span class='ocrx_word' id='word_1_152' title='bbox 608 2024 747 2088; x_wconf 90' lang='lat' dir='ltr'><strong>quod</strong></span> <span class='ocrx_word' id='word_1_153' title='bbox 778 2025 957 2073; x_wconf 88' lang='lat' dir='ltr'><strong>saltavi</strong></span> <span class='ocrx_word' id='word_1_154' title='bbox 999 2042 1117 2089; x_wconf 89' lang='lat' dir='ltr'><strong>prae</strong></span> <span class='ocrx_word' id='word_1_155' title='bbox 1155 2026 1358 2090; x_wconf 84' lang='lat' dir='ltr'><strong>gaudio.</strong></span> <span class='ocrx_word' id='word_1_156' title='bbox 1432 2027 1506 2073; x_wconf 87' lang='lat' dir='ltr'><strong>Et</strong></span> <span class='ocrx_word' id='word_1_157' title='bbox 1532 2025 1810 2074; x_wconf 88' lang='lat' dir='ltr'><strong>certissime</strong></span> 
     </span>
     <span class='ocr_line' id='line_1_24' title="bbox 207 2092 1812 2158; baseline -0.001 -17"><span class='ocrx_word' id='word_1_158' title='bbox 207 2093 356 2141; x_wconf 91' lang='lat' dir='ltr'><strong>credo</strong></span> <span class='ocrx_word' id='word_1_159' title='bbox 381 2093 519 2157; x_wconf 91' lang='lat' dir='ltr'><strong>quod</strong></span> <span class='ocrx_word' id='word_1_160' title='bbox 548 2094 619 2140; x_wconf 94' lang='lat' dir='ltr'><strong>Io.</strong></span> <span class='ocrx_word' id='word_1_161' title='bbox 650 2092 972 2140; x_wconf 86' lang='lat' dir='ltr'><strong>Pfefferkorn</strong></span> <span class='ocrx_word' id='word_1_162' title='bbox 998 2099 1075 2141; x_wconf 91' lang='lat' dir='ltr'><strong>est</strong></span> <span class='ocrx_word' id='word_1_163' title='bbox 1110 2093 1195 2140; x_wconf 90' lang='lat' dir='ltr'><strong>ille</strong></span> <span class='ocrx_word' id='word_1_164' title='bbox 1220 2094 1283 2141; x_wconf 92' lang='lat' dir='ltr'><strong>de</strong></span> <span class='ocrx_word' id='word_1_165' title='bbox 1307 2109 1410 2157; x_wconf 91' lang='lat' dir='ltr'><strong>quo</strong></span> <span class='ocrx_word' id='word_1_166' title='bbox 1429 2093 1812 2158; x_wconf 87' lang='lat' dir='ltr'><strong>prophetizatur</strong></span> 
     </span>
     <span class='ocr_line' id='line_1_25' title="bbox 208 2159 1884 2225; baseline -0.001 -17"><span class='ocrx_word' id='word_1_167' title='bbox 208 2159 491 2208; x_wconf 89' lang='lat' dir='ltr'><strong>Ezechielis</strong></span> <span class='ocrx_word' id='word_1_168' title='bbox 537 2160 636 2207; x_wconf 90' lang='lat' dir='ltr'><strong>IX.</strong></span> <span class='ocrx_word' id='word_1_169' title='bbox 681 2159 783 2207; x_wconf 87' lang='lat' dir='ltr'><strong>sic:</strong></span> <span class='ocrx_word' id='word_1_170' title='bbox 829 2159 949 2206; x_wconf 86' lang='lat' dir='ltr'><strong>“Et</strong></span> <span class='ocrx_word' id='word_1_171' title='bbox 997 2161 1202 2208; x_wconf 87' lang='lat' dir='ltr'><strong>vocavit</strong></span> <span class='ocrx_word' id='word_1_172' title='bbox 1248 2161 1416 2208; x_wconf 90' lang='lat' dir='ltr'><strong>virum</strong></span> <span class='ocrx_word' id='word_1_173' title='bbox 1464 2160 1553 2225; x_wconf 92' lang='lat' dir='ltr'><strong>qui</strong></span> <span class='ocrx_word' id='word_1_174' title='bbox 1600 2160 1809 2208; x_wconf 90' lang='lat' dir='ltr'><strong>indutus</strong></span> <span class='ocrx_word' id='word_1_175' title='bbox 1845 2168 1884 2198; x_wconf 85' lang='lat'><strong>10</strong></span> 
     </span>
     <span class='ocr_line' id='line_1_26' title="bbox 208 2226 1810 2292; baseline -0.001 -17"><span class='ocrx_word' id='word_1_176' title='bbox 208 2234 318 2276; x_wconf 89' lang='lat' dir='ltr'><strong>erat</strong></span> <span class='ocrx_word' id='word_1_177' title='bbox 364 2227 509 2275; x_wconf 89' lang='lat' dir='ltr'><strong>lineis</strong></span> <span class='ocrx_word' id='word_1_178' title='bbox 568 2233 620 2274; x_wconf 91' lang='lat' dir='ltr'><strong>et</strong></span> <span class='ocrx_word' id='word_1_179' title='bbox 679 2227 1101 2274; x_wconf 86' lang='lat' dir='ltr'><strong>atramentarium</strong></span> <span class='ocrx_word' id='word_1_180' title='bbox 1161 2228 1417 2292; x_wconf 86' lang='lat' dir='ltr'><strong>scriptoris</strong></span> <span class='ocrx_word' id='word_1_181' title='bbox 1477 2227 1699 2275; x_wconf 89' lang='lat' dir='ltr'><strong>habebat</strong></span> <span class='ocrx_word' id='word_1_182' title='bbox 1758 2226 1810 2273; x_wconf 91' lang='lat' dir='ltr'><strong>in</strong></span> 
     </span>
     <span class='ocr_line' id='line_1_27' title="bbox 207 2294 1812 2359; baseline -0.002 -17"><span class='ocrx_word' id='word_1_183' title='bbox 207 2294 396 2342; x_wconf 89' lang='lat' dir='ltr'><strong>lumbis</strong></span> <span class='ocrx_word' id='word_1_184' title='bbox 427 2294 570 2342; x_wconf 89' lang='lat' dir='ltr'><strong>suis.”</strong></span> <span class='ocrx_word' id='word_1_185' title='bbox 659 2294 798 2350; x_wconf 81' lang='lat' dir='ltr'><strong>Quia</strong></span> <span class='ocrx_word' id='word_1_186' title='bbox 842 2295 916 2342; x_wconf 90' lang='lat' dir='ltr'><strong>Io.</strong></span> <span class='ocrx_word' id='word_1_187' title='bbox 943 2294 1083 2359; x_wconf 82' lang='lat' dir='ltr'><strong>pfeff.</strong></span> <span class='ocrx_word' id='word_1_188' title='bbox 1128 2312 1326 2359; x_wconf 87' lang='lat' dir='ltr'><strong>semper</strong></span> <span class='ocrx_word' id='word_1_189' title='bbox 1362 2295 1519 2343; x_wconf 89' lang='lat' dir='ltr'><strong>habet</strong></span> <span class='ocrx_word' id='word_1_190' title='bbox 1557 2301 1812 2342; x_wconf 88' lang='lat' dir='ltr'><strong>atramen-</strong></span> 
     </span>
     <span class='ocr_line' id='line_1_28' title="bbox 207 2361 1809 2427; baseline -0.001 -18"><span class='ocrx_word' id='word_1_191' title='bbox 207 2362 398 2409; x_wconf 88' lang='lat' dir='ltr'><strong>tarium</strong></span> <span class='ocrx_word' id='word_1_192' title='bbox 446 2377 620 2409; x_wconf 92' lang='lat' dir='ltr'><strong>secum</strong></span> <span class='ocrx_word' id='word_1_193' title='bbox 667 2367 720 2408; x_wconf 92' lang='lat' dir='ltr'><strong>et</strong></span> <span class='ocrx_word' id='word_1_194' title='bbox 769 2361 943 2409; x_wconf 91' lang='lat' dir='ltr'><strong>scribit</strong></span> <span class='ocrx_word' id='word_1_195' title='bbox 981 2362 1034 2409; x_wconf 93' lang='lat' dir='ltr'><strong>in</strong></span> <span class='ocrx_word' id='word_1_196' title='bbox 1075 2362 1539 2427; x_wconf 87' lang='lat' dir='ltr'><strong>praedicationibus</strong></span> <span class='ocrx_word' id='word_1_197' title='bbox 1576 2361 1657 2409; x_wconf 84' lang='lat' dir='ltr'><strong>vel</strong></span> <span class='ocrx_word' id='word_1_198' title='bbox 1693 2376 1809 2408; x_wconf 92' lang='lat' dir='ltr'><strong>con-</strong></span> 
     </span>
     <span class='ocr_line' id='line_1_29' title="bbox 210 2428 1812 2492; baseline -0.002 -15"><span class='ocrx_word' id='word_1_199' title='bbox 210 2428 482 2477; x_wconf 87' lang='lat' dir='ltr'><strong>venticulis</strong></span> <span class='ocrx_word' id='word_1_200' title='bbox 554 2428 914 2477; x_wconf 86' lang='lat' dir='ltr'><strong>Auctoritates</strong></span> <span class='ocrx_word' id='word_1_201' title='bbox 991 2435 1042 2476; x_wconf 91' lang='lat' dir='ltr'><strong>et</strong></span> <span class='ocrx_word' id='word_1_202' title='bbox 1117 2430 1379 2486; x_wconf 83' lang='lat' dir='ltr'><strong>notabilia,</strong></span> <span class='ocrx_word' id='word_1_203' title='bbox 1439 2429 1576 2476; x_wconf 93' lang='lat' dir='ltr'><strong>unde</strong></span> <span class='ocrx_word' id='word_1_204' title='bbox 1633 2433 1812 2492; x_wconf 90' lang='lat' dir='ltr'><strong>postea</strong></span> 
     </span>
     <span class='ocr_line' id='line_1_30' title="bbox 211 2494 1883 2560; baseline -0.002 -16"><span class='ocrx_word' id='word_1_205' title='bbox 211 2497 475 2560; x_wconf 90' lang='lat' dir='ltr'><strong>componit</strong></span> <span class='ocrx_word' id='word_1_206' title='bbox 532 2495 668 2543; x_wconf 88' lang='lat' dir='ltr'><strong>talia.</strong></span> <span class='ocrx_word' id='word_1_207' title='bbox 741 2496 849 2543; x_wconf 86' lang='lat' dir='ltr'><strong>Vos</strong></span> <span class='ocrx_word' id='word_1_208' title='bbox 907 2496 1199 2544; x_wconf 88' lang='lat' dir='ltr'><strong>exhilaratis</strong></span> <span class='ocrx_word' id='word_1_209' title='bbox 1257 2515 1340 2545; x_wconf 92' lang='lat' dir='ltr'><strong>me</strong></span> <span class='ocrx_word' id='word_1_210' title='bbox 1399 2496 1547 2544; x_wconf 87' lang='lat' dir='ltr'><strong>valde</strong></span> <span class='ocrx_word' id='word_1_211' title='bbox 1605 2494 1811 2559; x_wconf 92' lang='lat' dir='ltr'><strong>quando</strong></span> <span class='ocrx_word' id='word_1_212' title='bbox 1845 2503 1883 2533; x_wconf 84' lang='lat'><strong>15</strong></span> 
     </span>
     <span class='ocr_line' id='line_1_31' title="bbox 208 2561 1811 2628; baseline -0.002 -18"><span class='ocrx_word' id='word_1_213' title='bbox 208 2564 415 2612; x_wconf 86' lang='lat' dir='ltr'><strong>mittitis</strong></span> <span class='ocrx_word' id='word_1_214' title='bbox 457 2563 583 2610; x_wconf 90' lang='lat' dir='ltr'><strong>mihi</strong></span> <span class='ocrx_word' id='word_1_215' title='bbox 629 2563 783 2610; x_wconf 91' lang='lat' dir='ltr'><strong>libors</strong></span> <span class='ocrx_word' id='word_1_216' title='bbox 831 2579 976 2612; x_wconf 87' lang='lat' dir='ltr'><strong>suos:</strong></span> <span class='ocrx_word' id='word_1_217' title='bbox 1030 2565 1149 2628; x_wconf 88' lang='lat' dir='ltr'><strong>quia</strong></span> <span class='ocrx_word' id='word_1_218' title='bbox 1192 2571 1312 2612; x_wconf 89' lang='lat' dir='ltr'><strong>sunt</strong></span> <span class='ocrx_word' id='word_1_219' title='bbox 1360 2564 1432 2611; x_wconf 89' lang='lat' dir='ltr'><strong>ita</strong></span> <span class='ocrx_word' id='word_1_220' title='bbox 1480 2561 1811 2611; x_wconf 88' lang='lat' dir='ltr'><strong>artificialiter</strong></span> 
     </span>
     <span class='ocr_line' id='line_1_32' title="bbox 213 2628 1811 2695; baseline -0.003 -16"><span class='ocrx_word' id='word_1_221' title='bbox 213 2630 483 2695; x_wconf 89' lang='lat' dir='ltr'><strong>compositi</strong></span> <span class='ocrx_word' id='word_1_222' title='bbox 526 2630 665 2694; x_wconf 92' lang='lat' dir='ltr'><strong>quod</strong></span> <span class='ocrx_word' id='word_1_223' title='bbox 706 2631 875 2678; x_wconf 91' lang='lat' dir='ltr'><strong>miror.</strong></span> <span class='ocrx_word' id='word_1_224' title='bbox 948 2630 1067 2695; x_wconf 84' lang='lat' dir='ltr'><strong>Ego</strong></span> <span class='ocrx_word' id='word_1_225' title='bbox 1114 2632 1271 2679; x_wconf 90' lang='lat' dir='ltr'><strong>etiam</strong></span> <span class='ocrx_word' id='word_1_226' title='bbox 1317 2631 1546 2679; x_wconf 90' lang='lat' dir='ltr'><strong>Viennae</strong></span> <span class='ocrx_word' id='word_1_227' title='bbox 1584 2628 1811 2676; x_wconf 89' lang='lat' dir='ltr'><strong>multum</strong></span> 
     </span>
    </p>
   </div>
   <div class='ocr_carea' id='block_1_8' title="bbox 212 2740 1814 2835">
    <p class='ocr_par' dir='ltr' id='par_1_9' title="bbox 212 2740 1814 2835">
     <span class='ocr_line' id='line_1_33' title="bbox 260 2740 1814 2788; baseline -0.001 -13"><span class='ocrx_word' id='word_1_228' title='bbox 260 2741 287 2761; x_wconf 80' lang='lat'><strong>¹⁶</strong></span> <span class='ocrx_word' id='word_1_229' title='bbox 305 2744 426 2777; x_wconf 72' lang='lat' dir='ltr'><strong>benni:</strong></span> <span class='ocrx_word' id='word_1_230' title='bbox 452 2742 509 2776; x_wconf 90' lang='lat' dir='ltr'><strong>Fr.</strong></span> <span class='ocrx_word' id='word_1_231' title='bbox 529 2744 672 2786; x_wconf 75' lang='lat' dir='ltr'><strong>be‘J&#39;aune</strong></span> <span class='ocrx_word' id='word_1_232' title='bbox 696 2741 776 2785; x_wconf 88' lang='lat' dir='ltr'><strong>(bec</strong></span> <span class='ocrx_word' id='word_1_233' title='bbox 795 2742 939 2787; x_wconf 85' lang='lat' dir='ltr'><strong>jaune),</strong></span> <span class='ocrx_word' id='word_1_234' title='bbox 958 2754 979 2775; x_wconf 86' lang='lat' dir='ltr'><strong>a</strong></span> <span class='ocrx_word' id='word_1_235' title='bbox 1048 2743 1176 2788; x_wconf 82' lang='lat' dir='ltr'><strong>bridge</strong></span> <span class='ocrx_word' id='word_1_236' title='bbox 1209 2744 1239 2776; x_wconf 90' lang='lat' dir='ltr'><strong>is</strong></span> <span class='ocrx_word' id='word_1_237' title='bbox 1273 2742 1484 2776; x_wconf 85' lang='lat' dir='ltr'><strong>mentioued</strong></span> <span class='ocrx_word' id='word_1_238' title='bbox 1516 2752 1554 2775; x_wconf 88' lang='lat' dir='ltr'><strong>as</strong></span> <span class='ocrx_word' id='word_1_239' title='bbox 1582 2752 1603 2774; x_wconf 88' lang='lat' dir='ltr'><strong>a</strong></span> <span class='ocrx_word' id='word_1_240' title='bbox 1632 2740 1814 2774; x_wconf 80' lang='lat' dir='ltr'><strong>favourite</strong></span> 
     </span>
     <span class='ocr_line' id='line_1_34' title="bbox 212 2789 1381 2835; baseline -0.001 -12"><span class='ocrx_word' id='word_1_241' title='bbox 212 2791 355 2832; x_wconf 80' lang='lat' dir='ltr'><strong>novice,</strong></span> <span class='ocrx_word' id='word_1_242' title='bbox 371 2801 393 2822; x_wconf 85' lang='lat' dir='ltr'><strong>a</strong></span> <span class='ocrx_word' id='word_1_243' title='bbox 410 2789 612 2832; x_wconf 84' lang='lat' dir='ltr'><strong>freshman,</strong></span> <span class='ocrx_word' id='word_1_244' title='bbox 627 2790 665 2823; x_wconf 90' lang='lat' dir='ltr'><strong>in</strong></span> <span class='ocrx_word' id='word_1_245' title='bbox 681 2789 840 2823; x_wconf 88' lang='lat' dir='ltr'><strong>allusion</strong></span> <span class='ocrx_word' id='word_1_246' title='bbox 858 2794 897 2824; x_wconf 83' lang='lat' dir='ltr'><strong>to</strong></span> <span class='ocrx_word' id='word_1_247' title='bbox 913 2789 978 2823; x_wconf 83' lang='lat' dir='ltr'><strong>the</strong></span> <span class='ocrx_word' id='word_1_248' title='bbox 1047 2790 1210 2834; x_wconf 85' lang='lat' dir='ltr'><strong>hunting</strong></span> <span class='ocrx_word' id='word_1_249' title='bbox 1225 2789 1381 2835; x_wconf 87' lang='lat' dir='ltr'><strong>ground.</strong></span> 
     </span>
    </p>
   </div>
   <div class='ocr_carea' id='block_1_9' title="bbox 214 2835 1815 2943">
    <p class='ocr_par' dir='ltr' id='par_1_10' title="bbox 214 2835 1815 2943">
     <span class='ocr_line' id='line_1_35' title="bbox 214 2835 1808 2897; baseline -0.006 -4"><span class='ocrx_word' id='word_1_250' title='bbox 214 2835 344 2890; x_wconf 55' lang='lat' dir='ltr'><strong>yellpw</strong></span> <span class='ocrx_word' id='word_1_251' title='bbox 364 2835 430 2869; x_wconf 72' lang='lat' dir='ltr'><strong>bin</strong></span> <span class='ocrx_word' id='word_1_252' title='bbox 448 2836 522 2870; x_wconf 69' lang='lat' dir='ltr'><strong>Osa</strong></span> <span class='ocrx_word' id='word_1_253' title='bbox 539 2836 668 2891; x_wconf 49' lang='lat' dir='ltr'><strong>Pallow.</strong></span> <span class='ocrx_word' id='word_1_254' title='bbox 684 2835 858 2890; x_wconf 40' lang='lat' dir='ltr'><strong>nesichng·</strong></span> <span class='ocrx_word' id='word_1_255' title='bbox 899 2835 979 2890; x_wconf 81' lang='lat' dir='ltr'><strong>The</strong></span> <span class='ocrx_word' id='word_1_256' title='bbox 1097 2851 1123 2871; x_wconf 80' lang='lat'><strong>²⁵</strong></span> <span class='ocrx_word' id='word_1_257' title='bbox 1140 2855 1197 2887; x_wconf 86' lang='lat' dir='ltr'><strong>Lo.</strong></span> <span class='ocrx_word' id='word_1_258' title='bbox 1212 2865 1224 2887; x_wconf 91' lang='lat'><strong>.·</strong></span> <span class='ocrx_word' id='word_1_259' title='bbox 1250 2851 1425 2897; x_wconf 84' lang='lat' dir='ltr'><strong>probablv</strong></span> <span class='ocrx_word' id='word_1_260' title='bbox 1452 2851 1509 2884; x_wconf 88' lang='lat' dir='ltr'><strong>for</strong></span> <span class='ocrx_word' id='word_1_261' title='bbox 1540 2850 1733 2893; x_wconf 80' lang='lat' dir='ltr'><strong>Lovaniae,</strong></span> <span class='ocrx_word' id='word_1_262' title='bbox 1752 2852 1808 2884; x_wconf 80' lang='lat' dir='ltr'><strong>i.e.</strong></span> 
     </span>
     <span class='ocr_line' id='line_1_36' title="bbox 214 2882 1815 2943; baseline -0.004 -6"><span class='ocrx_word' id='word_1_263' title='bbox 214 2882 428 2929; x_wconf 57' lang='lat' dir='ltr'><strong>eqmvalent</strong></span> <span class='ocrx_word' id='word_1_264' title='bbox 454 2883 630 2927; x_wconf 39' lang='lat' dir='ltr'><strong>“bezan”</strong></span> <span class='ocrx_word' id='word_1_265' title='bbox 660 2896 689 2917; x_wconf 64' lang='lat'><strong>¹3</strong></span> <span class='ocrx_word' id='word_1_266' title='bbox 718 2883 795 2917; x_wconf 67' lang='lat' dir='ltr'><strong>Sffll</strong></span> <span class='ocrx_word' id='word_1_267' title='bbox 826 2883 914 2917; x_wconf 68' lang='lat' dir='ltr'><strong>used</strong></span> <span class='ocrx_word' id='word_1_268' title='bbox 940 2895 978 2916; x_wconf 64' lang='grc' dir='ltr'><strong>Π]</strong></span> <span class='ocrx_word' id='word_1_269' title='bbox 1051 2900 1224 2934; x_wconf 87' lang='lat' dir='ltr'><strong>Louvain.</strong></span> <span class='ocrx_word' id='word_1_270' title='bbox 1266 2899 1344 2933; x_wconf 82' lang='lat' dir='ltr'><strong>The</strong></span> <span class='ocrx_word' id='word_1_271' title='bbox 1356 2890 1559 2943; x_wconf 79' lang='lat' dir='ltr'><strong>university</strong></span> <span class='ocrx_word' id='word_1_272' title='bbox 1571 2909 1640 2931; x_wconf 86' lang='lat' dir='ltr'><strong>was</strong></span> <span class='ocrx_word' id='word_1_273' title='bbox 1651 2897 1815 2932; x_wconf 86' lang='lat' dir='ltr'><strong>founded</strong></span> 
     </span>
    </p>
   </div>
   <div class='ocr_carea' id='block_1_10' title="bbox 215 2930 1816 3069">
    <p class='ocr_par' dir='ltr' id='par_1_11' title="bbox 215 2930 1816 3069">
     <span class='ocr_line' id='line_1_37' title="bbox 215 2930 1209 2981; baseline -0.002 -17"><span class='ocrx_word' id='word_1_274' title='bbox 215 2941 317 2964; x_wconf 86' lang='lat' dir='ltr'><strong>more</strong></span> <span class='ocrx_word' id='word_1_275' title='bbox 334 2930 426 2963; x_wconf 82' lang='lat' dir='ltr'><strong>than</strong></span> <span class='ocrx_word' id='word_1_276' title='bbox 444 2941 514 2964; x_wconf 84' lang='lat' dir='ltr'><strong>one</strong></span> <span class='ocrx_word' id='word_1_277' title='bbox 531 2930 692 2964; x_wconf 82' lang='lat' dir='ltr'><strong>Scottish</strong></span> <span class='ocrx_word' id='word_1_278' title='bbox 712 2931 926 2975; x_wconf 83' lang='lat' dir='ltr'><strong>university.</strong></span> <span class='ocrx_word' id='word_1_279' title='bbox 1050 2948 1087 2980; x_wconf 65' lang='lat' dir='ltr'><strong>in</strong></span> <span class='ocrx_word' id='word_1_280' title='bbox 1108 2947 1209 2981; x_wconf 45' lang='lat'>1426·</span> 
     </span>
     <span class='ocr_line' id='line_1_38' title="bbox 217 2976 1816 3043; baseline -0.003 2"><span class='ocrx_word' id='word_1_281' title='bbox 217 3025 224 3032; x_wconf 94' lang='lat'><strong>·</strong></span> <span class='ocrx_word' id='word_1_282' title='bbox 263 2976 288 2996; x_wconf 82' lang='lat'><strong>1⁷</strong></span> <span class='ocrx_word' id='word_1_283' title='bbox 306 2979 500 3030; x_wconf 31' lang='lat' dir='ltr'><strong>vigi-largn&amp;</strong></span> <span class='ocrx_word' id='word_1_284' title='bbox 545 2976 633 3010; x_wconf 66' lang='lat' dir='ltr'><strong>This</strong></span> <span class='ocrx_word' id='word_1_285' title='bbox 650 2978 809 3022; x_wconf 55' lang='lat' dir='ltr'>praefice</span> <span class='ocrx_word' id='word_1_286' title='bbox 827 2977 868 3011; x_wconf 77' lang='lat' dir='ltr'><strong>Of</strong></span> <span class='ocrx_word' id='word_1_287' title='bbox 877 2980 981 3043; x_wconf 57' lang='lat' dir='ltr'>,tont-</span> <span class='ocrx_word' id='word_1_288' title='bbox 1100 3009 1111 3028; x_wconf 78' lang='lat'>¹</span> <span class='ocrx_word' id='word_1_289' title='bbox 1128 3010 1273 3043; x_wconf 75' lang='lat' dir='ltr'><strong>Sclauclz</strong></span> <span class='ocrx_word' id='word_1_290' title='bbox 1285 3021 1297 3043; x_wconf 91' lang='lat'><strong>.·</strong></span> <span class='ocrx_word' id='word_1_291' title='bbox 1322 3009 1379 3043; x_wconf 89' lang='lat' dir='ltr'><strong>for</strong></span> <span class='ocrx_word' id='word_1_292' title='bbox 1405 3009 1574 3042; x_wconf 71' lang='lat' dir='ltr'><strong>Schlauch</strong></span> <span class='ocrx_word' id='word_1_293' title='bbox 1607 3019 1628 3041; x_wconf 87' lang='lat' dir='ltr'><strong>a</strong></span> <span class='ocrx_word' id='word_1_294' title='bbox 1646 3006 1816 3042; x_wconf 83' lang='lat' dir='ltr'><strong>leathern</strong></span> 
     </span>
     <span class='ocr_line' id='line_1_39' title="bbox 216 3022 1589 3069; baseline -0.003 -11"><span class='ocrx_word' id='word_1_295' title='bbox 216 3036 280 3069; x_wconf 84' lang='lat' dir='ltr'><strong>ing</strong></span> <span class='ocrx_word' id='word_1_296' title='bbox 290 3024 347 3058; x_wconf 90' lang='lat' dir='ltr'><strong>for</strong></span> <span class='ocrx_word' id='word_1_297' title='bbox 356 3022 557 3068; x_wconf 82' lang='lat' dir='ltr'><strong>particular</strong></span> <span class='ocrx_word' id='word_1_298' title='bbox 565 3023 704 3058; x_wconf 84' lang='lat' dir='ltr'><strong>hostels</strong></span> <span class='ocrx_word' id='word_1_299' title='bbox 714 3035 784 3057; x_wconf 87' lang='lat' dir='ltr'><strong>was</strong></span> <span class='ocrx_word' id='word_1_300' title='bbox 794 3035 877 3068; x_wconf 83' lang='lat' dir='ltr'><strong>expi</strong></span> <span class='ocrx_word' id='word_1_301' title='bbox 886 3022 982 3067; x_wconf 85' lang='lat' dir='ltr'><strong>essly</strong></span> <span class='ocrx_word' id='word_1_302' title='bbox 1578 3034 1589 3051; x_wconf 74' lang='lat'><em>2</em></span> 
     </span>
    </p>
   </div>
   <div class='ocr_carea' id='block_1_11' title="bbox 216 3057 1470 3163">
    <p class='ocr_par' dir='ltr' id='par_1_12' title="bbox 216 3057 1470 3163">
     <span class='ocr_line' id='line_1_40' title="bbox 216 3057 1178 3105; baseline -0.003 0"><span class='ocrx_word' id='word_1_303' title='bbox 216 3071 413 3105; x_wconf 86' lang='lat' dir='ltr'><strong>forbidden</strong></span> <span class='ocrx_word' id='word_1_304' title='bbox 431 3070 469 3103; x_wconf 91' lang='lat' dir='ltr'><strong>in</strong></span> <span class='ocrx_word' id='word_1_305' title='bbox 486 3070 551 3104; x_wconf 83' lang='lat' dir='ltr'><strong>the</strong></span> <span class='ocrx_word' id='word_1_306' title='bbox 569 3074 726 3104; x_wconf 70' lang='lat' dir='ltr'><strong>statutos</strong></span> <span class='ocrx_word' id='word_1_307' title='bbox 748 3071 789 3104; x_wconf 88' lang='lat' dir='ltr'><strong>of</strong></span> <span class='ocrx_word' id='word_1_308' title='bbox 808 3070 873 3104; x_wconf 85' lang='lat' dir='ltr'><strong>the</strong></span> <span class='ocrx_word' id='word_1_309' title='bbox 895 3070 984 3103; x_wconf 87' lang='lat' dir='ltr'><strong>Uni·</strong></span> <span class='ocrx_word' id='word_1_310' title='bbox 1053 3057 1178 3091; x_wconf 59' lang='lat' dir='ltr'>botffle·</span> 
     </span>
     <span class='ocr_line' id='line_1_41' title="bbox 217 3111 1470 3163; baseline -0.005 -11"><span class='ocrx_word' id='word_1_311' title='bbox 217 3119 354 3163; x_wconf 84' lang='lat' dir='ltr'><strong>versity</strong></span> <span class='ocrx_word' id='word_1_312' title='bbox 366 3118 408 3152; x_wconf 87' lang='lat' dir='ltr'><strong>of</strong></span> <span class='ocrx_word' id='word_1_313' title='bbox 421 3116 529 3151; x_wconf 87' lang='lat' dir='ltr'><strong>Basle</strong></span> <span class='ocrx_word' id='word_1_314' title='bbox 547 3117 684 3161; x_wconf 82' lang='lat'><strong>(1477),</strong></span> <span class='ocrx_word' id='word_1_315' title='bbox 697 3117 770 3151; x_wconf 82' lang='lat' dir='ltr'><strong>and</strong></span> <span class='ocrx_word' id='word_1_316' title='bbox 782 3117 847 3151; x_wconf 86' lang='lat' dir='ltr'><strong>the</strong></span> <span class='ocrx_word' id='word_1_317' title='bbox 862 3117 984 3150; x_wconf 84' lang='lat' dir='ltr'><strong>Rhine</strong></span> <span class='ocrx_word' id='word_1_318' title='bbox 1100 3113 1127 3133; x_wconf 80' lang='lat'><strong>¹⁵</strong></span> <span class='ocrx_word' id='word_1_319' title='bbox 1146 3117 1200 3149; x_wconf 80' lang='lat' dir='ltr'><strong>lib.</strong></span> <span class='ocrx_word' id='word_1_320' title='bbox 1251 3116 1319 3156; x_wconf 83' lang='lat' dir='ltr'><strong>Sic,</strong></span> <span class='ocrx_word' id='word_1_321' title='bbox 1337 3114 1375 3147; x_wconf 91' lang='lat' dir='ltr'><strong>in</strong></span> <span class='ocrx_word' id='word_1_322' title='bbox 1393 3111 1470 3159; x_wconf 88' lang='lat' dir='ltr'>[D].</span> 
     </span>
    </p>
   </div>
   <div class='ocr_carea' id='block_1_12' title="bbox 987 3176 1080 3217">
    <p class='ocr_par' dir='ltr' id='par_1_13' title="bbox 987 3176 1080 3217">
     <span class='ocr_line' id='line_1_42' title="bbox 987 3176 1080 3217; baseline 0.011 -1"><span class='ocrx_word' id='word_1_323' title='bbox 987 3176 1080 3217; x_wconf 81' lang='lat'><strong>199</strong></span> 
     </span>
    </p>
   </div>
  </div>
 </body>
</html>
