2247 3637
233 261 286 301 11.
311 264 351 311 ιι]
559 250 999 308 IOHANNES
1059 250 1564 305 PILEATORIS

230 360 315 414 ibi,
354 360 571 409 riserunt
608 361 867 409 dicentes:
905 368 934 387 ‘⁶
956 362 1055 408 Per
1097 360 1267 415 deum,
1305 359 1512 406 domine
1549 359 1825 422 Stephane,

232 444 321 476 vos
358 427 601 476 audacter
635 428 965 492 respondistis
1001 427 1090 475 ei.''
1161 427 1310 474 Tunc
1347 426 1481 473 dixi:
1521 426 1684 489 “Ego
1709 425 1826 473 volo
1862 440 1919 470 105

232 494 403 542 omnia
439 495 592 542 verba
628 495 844 543 scribere
881 496 1135 559 Magistro
1173 493 1437 549 Ortvino,''
1475 492 1606 540 sicut
1643 492 1826 540 videtis

231 563 368 625 quod
395 578 531 609 nunc
551 562 683 609 facio
701 580 711 617 ;
739 569 791 609 et
810 563 1067 610 rescribite
1087 561 1256 609 etiam.
1330 560 1447 624 Ego
1468 577 1580 608 sum
1600 559 1744 607 vobis
1763 560 1826 607 ad

230 629 486 676 mandata.

341 712 492 749 Datum
521 712 732 750 TREVERis.

990 900 1069 947 IV

262 1036 325 1084 (Κ
362 1035 793 1084 MAGISTER
826 1037 864 1084 I
865 1036 1268 1084 OHANNES
1299 1035 1549 1083 PILEA
1566 1035 1802 1083 TORIS

478 1102 701 1151 Salutem
726 1104 843 1151 dicit
869 1104 1129 1167 sslagisfro
1158 1104 1375 1152 Ortvz'no
1404 1103 1593 1151 Gratio

373 1304 679 1360 suraveritis‚
711 1305 888 1353 eadem
919 1306 1298 1353 mensurabitur
1327 1311 1380 1353 et
1409 1304 1598 1352 vobis.’'
1661 1305 1830 1369 Igitur

228 1388 324 1435 ego
361 1372 592 1420 similiter
626 1388 730 1419 non
767 1373 1004 1420 deberem
1040 1372 1185 1420 vobis
1222 1373 1450 1428 scribere,
1478 1371 1609 1420 sicut
1651 1379 1703 1419 et
1739 1388 1828 1419 vos
1865 1389 1883 1418 5

228 1455 331 1486 non
369 1439 585 1487 scribitis
620 1439 759 1486 mihi.
833 1439 906 1486 Et
941 1445 1118 1487 tamen
1153 1439 1256 1487 scio
1293 1440 1431 1503 quod
1469 1456 1709 1503 magnam
1734 1439 1827 1487 im-

226 1506 540 1571 portantiam
600 1506 812 1562 habetis,
861 1506 1001 1569 quod
1061 1506 1277 1554 scribam
1325 1506 1468 1554 vobis
1515 1506 1716 1553 novalia
1764 1523 1827 1553 ex

225 1574 351 1621 urbe
378 1574 563 1629 Roma,
589 1573 828 1621 videlicet
865 1575 1125 1637 quomodo
1162 1580 1264 1621 stat
1300 1574 1351 1620 in
1389 1573 1557 1620 Causa
1588 1573 1825 1636 Magistri

229 1640 388 1688 nostri
428 1640 602 1688 Iacobi
639 1641 702 1688 de
740 1641 1110 1697 Hochstraten‚
1136 1641 1228 1688 viri
1265 1640 1602 1704 proculdubio
1627 1640 1827 1688 Zelosi:

229 1707 320 1772 qui
362 1708 593 1756 defendit
629 1707 784 1755 fidem
822 1708 1147 1756 Catholicam
1186 1714 1364 1755 contra
1399 1707 1511 1755 illos
1549 1707 1750 1755 iuristas
1775 1714 1828 1755 et
1865 1724 1902 1753 10

228 1781 405 1840 poetas
448 1775 742 1829 saeculares,
786 1774 875 1838 qui
913 1792 1018 1823 non
1066 1775 1260 1823 habent
1300 1776 1455 1822 deum
1503 1791 1621 1839 prae
1670 1775 1829 1822 oculis

224 1843 342 1897 suis,
370 1842 500 1890 sicut
540 1842 793 1906 Theologi
834 1843 887 1890 in
929 1843 1146 1891 Colonia
1181 1849 1234 1891 et
1278 1841 1547 1898 Parrhisia,
1574 1842 1663 1905 qui
1689 1859 1825 1890 com-

226 1910 498 1958 busserunt
543 1909 824 1975 Speculum
868 1910 1091 1958 Oculare
1134 1910 1379 1957 Iohannis
1418 1909 1704 1960 Reuchlin:
1741 1910 1828 1957 sed

227 1994 322 2041 ego
369 1977 609 2026 deberem
656 1977 800 2025 vobis
846 1977 1013 2025 facere
1061 1977 1194 2025 Sicut
1239 1977 1406 2025 facitis
1448 1977 1589 2033 mihi,
1634 1983 1686 2025 et
1724 1993 1829 2024 non

226 2045 465 2093 deberem
501 2044 645 2092 vobis
684 2044 888 2093 scribire
924 2062 1082 2093 unam
1124 2051 1359 2109 guttam:
1400 2045 1487 2092 sed
1523 2050 1699 2092 tamen
1723 2060 1829 2091 non
1866 2058 1904 2089 15

225 2111 425 2168 faciam,
452 2118 504 2160 et
529 2112 696 2160 adhuc
721 2112 877 2160 semel
919 2113 1036 2160 volo
1079 2112 1345 2176 indulgere
1370 2111 1530 2169 vobis,
1557 2112 1629 2160 ita
1651 2118 1828 2159 tamen

225 2180 364 2242 quod
406 2179 635 2227 scribatis
677 2179 802 2226 mihi
844 2180 1033 2228 statim.
1107 2179 1181 2227 Et
1222 2179 1419 2227 debetis
1456 2179 1580 2227 scire
1610 2178 1830 2243 qualiter

226 2245 312 2293 isti
341 2245 546 2294 iuristae
571 2253 623 2294 et
656 2247 921 2294 adversarii
956 2264 1075 2295 cum
1106 2246 1359 2294 adiutorio
1383 2246 1611 2302 Diaboli,
1637 2245 1726 2310 qui
1751 2251 1829 2293 est

227 2313 386 2361 hostis
425 2313 542 2361 fidei
585 2313 920 2369 Christianae,
963 2331 1052 2379 per
1094 2331 1208 2362 suas
1242 2314 1534 2370 blandicias,
1577 2314 1709 2360 sicut
1747 2313 1829 2377 pie

228 2381 466 2437 creditur,
514 2381 895 2444 acquisiverunt
936 2382 1128 2429 multos
1171 2381 1412 2437 fautores,
1456 2387 1509 2428 et
1556 2380 1828 2445 praecipue
1863 2394 1901 2423 20

228 2448 529 2496 Curtisanos
571 2448 659 2512 qui
702 2454 823 2496 sunt
863 2450 926 2496 de
965 2449 1196 2513 partibus
1235 2449 1593 2514 superioribus,
1631 2454 1682 2495 et
1724 2463 1827 2493 non

226 2514 420 2563 habent
495 2516 684 2563 bonam
745 2516 1161 2572 Conscientiam;
1221 2523 1272 2563 et
1331 2516 1559 2564 inferunt
1616 2530 1827 2578 magnas

226 2581 433 2630 iniurias
468 2582 730 2647 praedicto
767 2583 1022 2648 Magistro
1058 2589 1252 2640 nostro,
1278 2589 1525 2631 vexantes
1550 2598 1669 2629 eum
1696 2582 1827 2628 sicut

227 2649 464 2705 beanum,
505 2656 557 2698 et
599 2650 826 2698 dicentes
867 2652 1006 2714 quod
1048 2651 1265 2715 ipsemet
1308 2657 1385 2698 est
1433 2648 1730 2704 haereticus,
1774 2653 1826 2694 et

226 2717 364 2778 quod
401 2717 651 2782 Theologi
687 2717 739 2764 in
766 2717 981 2765 Colonia
1010 2724 1130 2766 sunt
1157 2718 1397 2765 Rusones,
1472 2716 1659 2763 Sancte
1683 2715 1823 2769 deus,
1862 2733 1901 2763 25

226 2783 350 2844 quid
399 2784 644 2832 debemus
703 2784 906 2832 dicere?
998 2785 1119 2833 Non
1179 2790 1257 2833 est
1315 2799 1562 2847 magnum
1610 2781 1824 2829 miracu-

226 2848 335 2896 lum
351 2852 490 2912 quod
510 2867 649 2898 sacra
669 2851 951 2916 Theologia
967 2852 1123 2900 debet
1138 2851 1209 2898 ita
1225 2849 1563 2905 scandalizari,
1584 2855 1636 2896 et
1652 2848 1826 2896 haberi

226 2932 318 2979 pro
356 2933 457 2964 una
492 2917 743 2974 frascaria,
770 2925 823 2966 et
859 2919 1112 2983 Theologi
1152 2917 1239 2981 qui
1280 2923 1400 2964 sunt
1439 2916 1570 2964 sicut
1608 2915 1826 2980 apostoli

228 1237 483 1380 QUIA
503 1237 750 1301 scriptum
770 1244 848 1285 est
872 1237 924 1285 in
943 1238 1208 1302 evangelio
1227 1256 1236 1286 :
1265 1245 1292 1264 “
1310 1254 1412 1301 qua
1430 1253 1667 1285 mensura
1685 1254 1829 1286 men-

275 3038 286 3057 1
302 3039 379 3072 Joh.
414 3041 557 3074 Pileat.:
593 3040 658 3074 the
685 3042 808 3075 writer
841 3040 918 3075 also
953 3042 996 3075 of
1108 3040 1120 3057 ³
1139 3043 1269 3083 Erany.
1283 3052 1295 3074 .·
1318 3040 1425 3073 Matt.
1441 3040 1499 3074 vii.
1514 3038 1559 3081 23
1583 3039 1691 3074 Mark
1707 3041 1751 3074 iv.
1767 3039 1826 3075 24.

227 3087 263 3119 ii.
292 3088 345 3120 16.
403 3085 524 3121 There
554 3098 624 3121 was
652 3099 673 3121 a
706 3092 990 3133 contemporary
1111 3087 1136 3105 ¹⁵
1154 3089 1307 3121 serihire.
1363 3089 1429 3130 Sic,
1448 3087 1487 3120 in
1506 3087 1550 3121 D.

227 3134 358 3167 named
378 3132 501 3167 Huter
517 3138 555 3167 at
574 3134 714 3168 Erfurt.
1110 3134 1136 3152 ¹5
1149 3138 1295 3178 guttam.
1347 3134 1414 3168 See
1432 3134 1453 3167 i.
1477 3137 1511 3176 5,
1530 3146 1566 3168 71.

992 3195 1084 3236 139
