2143 3622
256 214 725 271 EPISTOLAE
788 209 1379 270 OBSCURORUM
1439 209 1847 267 VIRORUM

218 348 219 375 l
255 325 376 372 socii
401 322 623 371 exterius
647 322 970 387 proiecerunt
995 336 1115 368 eum
1142 319 1193 366 in
1222 320 1452 367 merdam
1481 326 1534 367 et
1562 319 1614 367 in
1644 335 1844 381 aquam.

213 414 215 454 ς
256 392 358 439 Sed
393 407 489 455 ego
526 390 814 454 compescui
851 406 950 444 eos,
977 394 1030 434 et
1065 385 1171 434 dixi
1207 386 1347 449 quod
1383 387 1629 434 haberent
1665 386 1848 433 discre-

183 608 221 636 40

184 943 222 972 45

192 2227 229 2255 10

254 459 483 514 tionem;
519 464 783 505 verutame
817 454 990 504 adiuvi
1010 470 1094 502 eos
1119 452 1258 516 quod
1283 469 1460 502 omnes
1487 452 1848 518 supposuimus

254 526 395 573 illam
424 524 720 572 mulierem:
758 530 810 570 et
846 523 918 570 ita
953 520 1205 569 vindicavi
1243 536 1325 568 me
1361 521 1423 568 de
1459 520 1546 568 illo
1582 519 1848 575 monacho,

255 599 308 641 et
331 598 508 657 postea
533 592 583 639 id
608 608 710 638 non
739 589 956 654 amplius
993 586 1305 653 praedicavit
1339 588 1402 634 de
1438 605 1534 635 me.
1609 588 1710 634 Sed
1747 603 1850 634 non

256 660 453 707 debetis
477 658 585 706 aliis
610 658 790 713 dicere,
817 662 1085 720 propterea
1108 655 1247 717 quod
1273 653 1452 702 fratres
1481 654 1850 719 praedicatores

256 743 392 775 nunc
441 732 559 774 sunt
607 742 698 789 pro
746 724 889 771 vobis
938 729 1114 770 contra
1166 721 1429 769 doctorem
1476 721 1748 777 Reuchlin,
1798 727 1851 768 et

256 794 543 842 defendunt
584 792 849 840 ecclesiam
886 796 938 838 et
979 790 1135 837 fidem
1178 788 1481 836 catholicam
1524 795 1701 836 contra
1740 787 1851 835 illos

256 867 432 925 poetas
480 859 796 908 saeculares:
856 874 952 921 ego
1001 856 1185 904 vellem
1237 855 1377 918 quod
1430 855 1524 903 iste
1571 855 1851 903 monachus

255 928 435 976 fuisset
465 928 528 975 de
557 926 654 973 alio
688 925 878 981 ordine,
904 923 1024 987 quia
1053 923 1137 970 ille
1170 923 1293 970 ordo
1326 928 1403 970 est
1431 922 1580 970 valde
1609 922 1851 970 mirificus

256 995 389 1043 inter
413 1010 602 1042 omnes.

359 1063 464 1109 Vos
507 1060 661 1108 etiam
704 1058 900 1107 debetis
942 1058 1068 1106 mihi
1103 1055 1295 1120 aliquid
1331 1056 1517 1104 risibile
1553 1056 1850 1121 significare,

257 1135 308 1177 et
335 1145 438 1176 non
463 1127 735 1175 irascimini
762 1126 898 1174 mihi.
975 1127 1023 1172 V
1027 1125 1173 1173 alete.

365 1212 426 1248 Ex
447 1212 734 1248 XVITTENBERG.

1035 1398 1081 1443 XT

420 1535 483 1582 «I
524 1533 559 1580 I
561 1532 659 1580 ΟΑ
672 1532 894 1580 NNES
935 1532 980 1579 S
986 1531 1137 1579 TRA
1155 1530 1606 1579 USSFEDERI
1611 1529 1666 1576 U
1661 1529 1705 1576 S

837 1599 1053 1646 Ortvz'no
1094 1599 1283 1647 Gratis>

354 1734 681 1782 ALUTEM
715 1733 995 1781 maximam
1029 1739 1081 1780 et
1115 1732 1304 1780 multas
1333 1731 1490 1779 bonas
1519 1736 1696 1778 noctes
1726 1730 1857 1777 sicut

388 1808 509 1850 sunt
537 1801 711 1849 stellae
740 1801 792 1848 in
818 1800 971 1855 caeIO,
998 1806 1051 1847 et
1078 1800 1239 1864 pisces
1265 1799 1317 1846 in
1341 1799 1481 1847 mari.
1556 1798 1630 1845 Et
1659 1797 1856 1845 debetis

261 1869 386 1917 scire
422 1869 560 1933 quod
601 1886 697 1933 ego
734 1885 848 1916 sum
885 1883 1051 1922 sanus,
1089 1873 1142 1914 et
1178 1867 1334 1914 etiam
1370 1872 1534 1913 mater
1570 1881 1696 1912 mea.
1783 1864 1856 1911 Et

262 1936 445 1984 vellem
482 1936 700 1984 libenter
728 1935 885 1983 etiarn
920 1934 1091 1981 taliter
1120 1933 1294 1981 audire
1326 1934 1390 1981 de
1422 1932 1581 1987 vobis,
1613 1931 1733 1995 quia
1761 1948 1856 1994 ego

263 2003 434 2067 cogito
465 2003 675 2050 cottidie
709 2003 771 2050 ad
806 2002 972 2048 minus
1006 2001 1163 2049 semel
1195 2001 1258 2049 de
1291 2007 1459 2048 vestra
1492 1998 1854 2047 dominatione.

264 2070 366 2118 Sed
413 2087 531 2117 cum
578 2070 783 2118 licentia
824 2068 998 2116 audite
1040 2085 1204 2116 unum
1246 2083 1492 2131 magnum
1536 2065 1857 2121 miraculum,

263 2137 402 2201 quod
433 2137 556 2185 fecit
588 2137 667 2184 hic
699 2153 832 2184 unus
863 2135 1132 2183 nobilista:
1169 2135 1401 2182 diabolus
1427 2133 1710 2182 confundat
1738 2149 1858 2179 eum

264 2204 315 2251 in
351 2210 648 2252 aeternum:
692 2204 811 2268 quia
847 2203 1206 2250 scandalizavit
1247 2202 1517 2249 dominum
1553 2199 1858 2264 magistrum

264 2278 498 2319 nostrum
536 2270 753 2318 Petrum
792 2271 975 2334 Meyer
1010 2271 1062 2318 in
1099 2286 1289 2323 mensa,
1327 2268 1415 2316 ubi
1456 2269 1667 2316 fuerunt
1708 2266 1860 2314 multi

311 2383 337 2402 ³⁶
362 2386 539 2419 artorius:
566 2384 592 2400 “
605 2384 641 2416 in
660 2383 724 2416 the
743 2384 887 2417 street-'⁷

311 2430 338 2450 ⁴⁰
362 2443 433 2465 non
462 2432 599 2473 debetis,
632 2430 697 2463 «rc.
719 2441 727 2462 :
756 2429 827 2463 lest
852 2430 1025 2463 discredit

263 2479 387 2513 attach
404 2483 443 2512 to
459 2478 523 2512 the
542 2477 788 2511 Dominicans.

311 2525 338 2544 ⁴¹⁵
362 2525 551 2568 mirificus:
570 2525 715 2558 witness
728 2524 791 2557 the
804 2522 1026 2556 “miracles’'

265 2578 303 2607 at
359 2571 500 2607 Berne!
573 2571 652 2605 The
700 2574 820 2604 Aurea
874 2572 1026 2613 Lcycnda

265 2621 306 2654 of
335 2620 495 2653 «Iacobus
525 2619 570 2652 de
603 2618 788 2659 Voragine
822 2618 851 2650 is
884 2616 1026 2661 largely

265 2667 421 2701 devoted
450 2670 488 2700 to
518 2666 582 2699 the
612 2666 777 2698 wonders
807 2664 953 2698 worked
980 2664 1026 2708 by

268 2714 515 2747 Dominicans.

314 2761 323 2781 ¹
350 2761 659 2802 Straussszederius.
696 2757 877 2801 Probably
889 2756 1028 2801 merely

268 2807 381 2840 “fool
400 2808 472 2840 and
500 2805 774 2840 featherhead.”
814 2805 1027 2850 Tennyson,

269 2858 304 2896 (2.
328 2856 444 2896 Mar-es,
464 2866 495 2886 v.
519 2855 546 2886 l.

315 2899 328 2916 ³
345 2903 509 2942 Salutem,
530 2901 594 2934 ὣς.
646 2900 700 2933 (tf.
725 2900 872 2942 Epistola
888 2900 1028 2939 Karoli,

271 2948 315 2980 H.
336 2947 526 2990 Quentell,
545 2946 730 2988 Coloniae,
752 2947 850 2980 1493.
899 2944 1030 2988 (ΒΜ.)

270 2995 292 3011 “
305 2994 450 3027 salutes
470 2999 646 3037 equantcs
670 2994 780 3026 maris
802 2991 961 3026 arenas⁷’
981 2991 1028 3035 (p.

268 3041 329 3084 v);
367 3040 548 3074 “Salutes
581 3040 697 3074 stellis
732 3038 1031 3074 numerosiores''

268 3088 317 3133 (p.
339 3088 452 3130 xxix).

1142 2380 1154 2399 ⁹
1172 2383 1355 2415 nobili-sta:
1379 2383 1436 2416 i.e.
1460 2380 1586 2414 Ulrich
1606 2391 1675 2413 von
1699 2379 1856 2413 Hutten.

1144 2428 1169 2446 Π
1188 2430 1326 2471 Meyer:
1355 2428 1461 2462 Peter
1488 2428 1629 2472 Meyer,
1650 2438 1692 2460 or
1718 2426 1860 2470 Mayer,

1097 2487 1167 2509 was
1196 2477 1364 2517 plebanus
1396 2475 1533 2520 (parish
1568 2475 1698 2519 priest)
1731 2473 1772 2506 of
1805 2472 1857 2505 St.

1098 2521 1412 2564 Bartholomew's,
1443 2519 1835 2554 Frankfort-on-Main
1854 2530 1862 2553 t

1096 2581 1117 2602 a
1149 2569 1262 2602 bitter
1291 2573 1479 2613 opponent
1507 2568 1549 2601 of
1577 2566 1760 2601 Reuchlin
1789 2566 1861 2599 and

1096 2615 1161 2649 the
1189 2615 1406 2650 humanistS.
1459 2614 1554 2647 Ever
1579 2618 1618 2647 at
1643 2613 1747 2647 strife
1773 2612 1860 2646 with

1097 2663 1153 2695 his
1171 2661 1476 2703 fellow-citizens,
1495 2661 1541 2694 he
1566 2672 1682 2694 seems
1706 2664 1745 2693 to
1770 2659 1863 2693 have

1097 2709 1202 2742 made
1222 2708 1421 2742 Frankfort
1437 2712 1499 2741 too
1518 2708 1583 2741 hot
1599 2712 1638 2741 to
1659 2706 1747 2740 hold
1769 2706 1861 2749 him,

1097 2757 1169 2789 and
1192 2756 1228 2788 in
1253 2756 1342 2789 1525
1366 2754 1435 2789 left
1461 2755 1502 2797 it,
1523 2766 1634 2788 never
1658 2758 1697 2788 to
1722 2758 1861 2788 return.

1100 2803 1143 2836 In
1165 2803 1230 2836 the
1254 2803 1466 2844 Triumphus
1490 2803 1678 2843 (mulionis
1700 2812 1751 2835 we
1776 2801 1862 2834 read

1099 2849 1170 2893 (vv.
1190 2848 1368 2893 789-841)
1385 2859 1441 2882 :-

1104 2946 1130 2963 “
1149 2945 1219 2979 Sed
1237 2956 1308 2989 quo
1325 2949 1362 2978 te
1382 2945 1510 2989 Mayre
1528 2956 1660 2990 ponam

1150 2992 1257 3026 l’etre
1271 2991 1350 3025 loco
1363 2990 1377 3024 ?
1398 3003 1514 3035 quove
1528 3003 1590 3026 ore
1603 2996 1686 3026 tuos
1698 3003 1763 3037 pro
1774 2995 1866 3025 tem-

1194 3050 1281 3084 pore
1300 3050 1411 3083 reque

1150 3086 1338 3131 Exponam
1358 3084 1502 3119 mores?

1040 3146 1100 3188 16
