2247 3637
276 284 330 325 11.
353 283 422 334 68]
620 270 1057 328 IOHANNES
1112 269 1540 326 TEXTORIS

275 399 378 430 non
419 381 617 430 debetis
659 381 813 428 michi
854 381 949 428 hoc
990 384 1107 444 post
1142 378 1324 434 dicere,
1362 377 1481 425 alias
1518 377 1749 425 diabolus
1785 392 1868 425 me

275 449 641 498 confunderet:
695 447 946 512 Magister
992 451 1166 494 noster
1215 445 1434 492 Iacobus
1484 445 1770 492 Hochstrat
1816 450 1870 492 et

275 534 454 565 omnes
495 515 725 580 magistri
768 514 924 562 nostri
965 513 1016 561 in
1061 512 1275 560 Colonia
1310 518 1363 559 et
1399 512 1450 558 in
1489 511 1762 559 Cantabria
1798 510 1870 559 illi
1903 528 1920 558 3

275 585 572 632 examinant
618 599 719 630 lam
769 586 1123 630 commentum
1170 595 1321 644 super
1369 579 1769 641 Hieronymum,
1818 584 1872 626 et

277 652 409 699 sicut
457 667 552 714 ego
600 650 767 704 audio,
816 656 942 696 tunc
989 647 1094 711 ipse
1141 647 1358 711 pessime
1400 645 1587 701 stabit3
1630 661 1724 708 ego
1766 661 1870 693 non

277 719 557 782 acciperem
597 723 809 764 centum
853 715 1070 762 florenos
1109 713 1247 777 quod
1286 712 1524 760 haberem
1562 712 1660 759 hoc
1701 711 1868 760 inloco

276 801 397 833 suo:
434 784 554 848 quia
578 784 758 831 dicunt
781 782 919 846 quod
944 782 1049 845 ipse
1078 781 1147 828 ibi
1184 780 1404 827 multam
1440 778 1710 827 seminavit
1745 780 1868 826 ziza-

276 852 444 908 nia1n;
481 858 534 899 et
574 856 725 915 putat
767 850 906 914 quod
948 865 1100 896 nemo
1141 848 1325 896 debeat
1366 847 1461 894 hoc
1504 852 1694 893 notare.
1769 845 1870 894 Sed

277 918 507 983 magistri
531 917 691 966 nostri
716 933 820 965 non
847 922 966 964 sunt
988 923 1098 964 tam
1124 915 1285 970 stulti,
1307 915 1407 962 Sed
1433 913 1526 978 ipsi
1552 914 1679 961 bene
1703 913 1872 961 sciunt

278 986 366 1033 ubi
390 985 521 1034 iacet
547 984 752 1049 Anguis
777 985 828 1032 in
854 983 1009 1031 herba
1035 987 1115 1045 (ut
1134 982 1431 1030 Alexander
1455 981 1562 1040 ait).
1624 980 1741 1044 Ego
1767 996 1871 1027 non

275 1053 421 1118 potui
447 1051 612 1101 omnis
636 1051 880 1099 retinere:
918 1051 1006 1098 sed
1041 1050 1211 1113 aliqua
1246 1049 1413 1097 adhuc
1450 1048 1567 1103 scio,
1594 1048 1712 1111 quia
1747 1046 1874 1095 dicit

276 1120 415 1184 quod
457 1126 661 1168 sanctus
712 1117 1045 1166 Hieronimus
1093 1134 1196 1165 non
1238 1117 1336 1164 fuit
1386 1113 1682 1169 CardinaliS‚
1733 1114 1873 1178 quod

278 1187 458 1251 utique
488 1193 564 1234 est
604 1187 794 1234 crimen
828 1186 990 1233 laesae
1027 1183 1321 1239 maiestatiS‚
1360 1189 1411 1232 et
1448 1183 1580 1230 male
1617 1181 1773 1230 sentit
1810 1182 1873 1229 de

277 1261 455 1302 sancto
481 1254 706 1318 Georgio
732 1260 784 1301 et
811 1253 849 1300 C
858 1252 1140 1308 hristofero‚
1167 1259 1218 1300 et
1247 1249 1474 1315 reliquiis
1503 1255 1795 1298 sanctorum
1820 1254 1874 1296 et

278 1321 515 1377 candelis,
557 1327 610 1369 et
651 1321 714 1368 de
762 1320 1076 1368 confessione
1125 1317 1520 1366 Sacramentali:
1574 1317 1775 1378 et[iam]
1821 1316 1875 1364 in

278 1389 462 1437 multia
486 1388 608 1436 locis
633 1387 969 1452 blasphemat,
997 1387 1116 1451 quia
1139 1385 1367 1449 loquitur
1397 1391 1573 1432 contra
1609 1384 1874 1431 doctorem

277 1463 515 1505 sanctum
540 1462 594 1504 et
630 1461 807 1503 contra
841 1456 1105 1502 doctorem
1142 1452 1394 1500 subtilem.
1468 1451 1542 1499 Et
1577 1451 1702 1499 dicit
1737 1450 1876 1515 quod

279 1523 562 1588 Theologia
584 1523 811 1586 ipsorum
836 1521 992 1570 nichil
1010 1521 1074 1569 sit
1093 1537 1103 1568 :
1129 1536 1259 1584 quae
1279 1518 1450 1567 omnia
1469 1518 1698 1583 magistri
1717 1517 1877 1566 nostri

278 1591 586 1655 scripserunt
605 1590 657 1637 in
676 1606 839 1637 unum
863 1589 1117 1644 volumen,
1143 1594 1196 1635 et
1221 1586 1403 1635 volunt
1429 1603 1548 1634 eum
1568 1585 1878 1633 confundere

280 1659 413 1706 sicut
458 1657 788 1712 haereticum,
839 1656 969 1705 sicut
1015 1656 1248 1703 fecerunt
1296 1653 1478 1702 Ioanni
1526 1652 1779 1701 XVessalia
1825 1651 1878 1699 in

282 1725 571 1790 Maguntia.
661 1724 736 1772 Et
771 1723 811 1772 si
847 1723 960 1771 vult
997 1723 1225 1770 multum
1259 1721 1496 1769 relatrare
1521 1726 1574 1769 et
1599 1719 1878 1768 invectivas

280 1793 496 1841 scribere
533 1798 710 1841 contra
744 1807 845 1847 eos,
881 1797 1007 1838 tunc
1043 1789 1226 1837 volunt
1261 1794 1530 1853 expectare
1567 1803 1728 1851 usque
1763 1793 1880 1851 post

280 1866 503 1908 mortem
528 1860 650 1915 eius,
676 1859 750 1906 Et
774 1864 900 1906 tunc
926 1857 1110 1906 volunt
1141 1856 1480 1905 condemnare
1511 1871 1688 1903 omnes
1725 1854 1879 1902 libros

280 1927 400 1976 eius.
476 1927 574 1976 Illa
598 1932 676 1974 est
700 1926 802 1973 iam
826 1925 1050 1990 practica
1073 1925 1209 1989 apud
1234 1923 1505 1988 magistros
1529 1928 1743 1970 nostros.
1806 1921 1880 1969 Et

281 1996 400 2059 quia
424 1995 580 2043 etiam
603 1993 822 2042 libenter
845 1992 1032 2041 auditis
1055 1991 1326 2047 novitateS‚
1352 1990 1549 2039 debetis
1575 1990 1715 2045 scire,
1741 1989 1881 2053 quod

282 2064 488 2110 Fratres
512 2062 733 2110 minores
757 2061 948 2109 debent
972 2061 1074 2108 iam
1099 2059 1282 2107 habere
1301 2057 1592 2122 generalem
1612 2057 1675 2106 de
1695 2057 1881 2105 Obser-

282 2129 470 2186 vantia‚
496 2129 636 2194 quod
661 2129 1066 2192 impetraverunt
1091 2126 1185 2191 ipsi
1210 2126 1261 2174 in
1289 2126 1442 2174 Curia
1470 2141 1562 2190 pro
1599 2130 1692 2172 ‚16.
1733 2123 1881 2172 Mille

282 2197 495 2245 ducatis.
568 2196 642 2244 Et
684 2195 938 2244 Moniales
979 2195 1044 2242 ad
1079 2200 1308 2242 sanctam
1357 2193 1560 2241 Claram
1603 2191 1665 2239 de
1708 2191 1882 2239 ordine

285 2264 545 2312 Minorem
592 2263 740 2311 valde
785 2263 975 2310 timent
1025 2278 1089 2310 ne
1134 2261 1491 2317 reformentur,
1539 2266 1592 2308 et
1638 2257 1882 2323 quicquid

283 2331 489 2387 habent,
521 2331 617 2379 hoc
645 2330 830 2395 fugant
858 2329 911 2377 in
941 2329 1222 2377 Civitatem
1247 2334 1299 2376 et
1330 2327 1500 2376 iacent
1531 2325 1884 2375 miserabiliter

284 2398 338 2446 in
379 2398 700 2447 scaminibus.
790 2396 972 2461 Aliqui
1018 2396 1212 2452 dicunt,
1256 2396 1393 2460 quod
1441 2394 1621 2443 doctor
1669 2393 1884 2440 Murner

283 2465 440 2514 habet
486 2482 595 2514 rem
637 2481 756 2512 cum
798 2463 946 2529 ipsis:
989 2464 1076 2512 sed
1117 2463 1215 2511 hoc
1249 2480 1354 2510 non
1395 2468 1473 2510 est
1513 2477 1720 2509 verum:
1763 2459 1884 2523 quia

284 2533 392 2598 ipse
428 2540 507 2582 est
541 2531 790 2580 Enuchus
824 2537 1086 2579 castratus.
1161 2531 1262 2579 Sed
1295 2531 1358 2578 de
1387 2529 1494 2577 aliis
1519 2527 1762 2592 religiosis
1787 2542 1883 2590 ego
1926 2547 1937 2576 3

286 2617 390 2648 non
414 2601 544 2649 bene
568 2600 734 2656 credO,
760 2599 967 2664 quando
987 2598 1056 2646 sic
1077 2604 1289 2646 currunt
1308 2597 1372 2644 ad
1391 2613 1487 2645 eas.
1532 2596 1631 2643 Est
1648 2599 1883 2642 mortuus

286 2668 337 2715 in
380 2668 588 2716 civitate
630 2683 763 2714 unus
805 2665 1107 2714 Curtisanus
1148 2665 1236 2730 qui
1277 2664 1458 2713 habuit
1499 2669 1594 2711 22.
1639 2659 1885 2709 beneficia

333 2773 360 2792 ³⁵
381 2775 593 2808 Cantabria:
630 2772 793 2819 possibly
834 2772 892 2807 for
923 2774 1051 2806 Canta·
1170 2772 1239 2806 Yet
1256 2772 1330 2805 this
1346 2769 1484 2816 blynde
1502 2768 1575 2804 fole
1592 2769 1621 2802 is
1634 2773 1700 2803 not
1711 2766 1886 2802 therwith

286 2823 410 2864 briyia,
431 2832 472 2854 or
491 2823 697 2855 Ccmtuaria.
1214 2823 1367 2853 content

333 2866 362 2885 ⁴¹²
379 2870 527 2911 anguis:
553 2867 668 2912 Virg,
687 2869 771 2909 Ecl„
790 2867 839 2901 iii.
859 2865 915 2902 93.
960 2865 1053 2907 (Not
1168 2866 1244 2899 But
1259 2864 1460 2899 labowreth
1484 2863 1541 2897 for
1566 2873 1637 2905 mo,
1654 2862 1727 2896 and
1752 2860 1887 2907 always

287 2916 325 2949 iu
347 2914 482 2957 Alex).
1214 2913 1305 2947 doth
1323 2913 1457 2956 devyse

335 2960 360 2979 ⁶⁷
378 2963 426 2994 9352
442 2962 548 3004 benef.
561 2972 619 2995 :——
1170 2959 1252 2994 Fals
1286 2969 1434 2993 meanes
1466 2961 1504 2991 to
1539 2967 1642 2991 come
1677 2956 1802 2991 thei-to
1839 2956 1887 3001 by

289 3022 314 3037 “
337 3020 411 3053 But
427 3018 569 3064 though
597 3030 667 3052 one
691 3018 877 3063 prebende
895 3029 989 3052 were
1014 3022 1053 3051 to
1216 3005 1422 3051 Gouetyse·”

382 3067 470 3111 hym
488 3065 684 3111 suffycient

335 3112 673 3205 orsffisssigenyfyoe
691 3111 749 3145 his
770 3110 910 3157 lyvyng
934 3111 1056 3156 might
1123 3107 1337 3200 ἇ-ὃΙζἙῗιΙῆγ,
1365 3108 1433 3141 The
1456 3107 1540 3149 Ship
1565 3107 1609 3149 qs
1626 3107 1739 3149 Fools,
1771 3105 1792 3139 i.
1822 3103 1887 3138 157

1052 3218 1145 3259 281

1907 863 1944 892 40

1909 1202 1947 1232 45

1912 1537 1951 1566 50

1915 1871 1954 1901 55

1920 2207 1957 2237 60
