2247 3637
188 276 309 328 1.19]
408 266 915 323 STEPHANUS
970 265 1561 324 CALVASTRIUS

186 373 324 487 geati
348 374 400 449 in
429 376 703 440 theologia,
730 382 781 423 et
812 376 863 423 in
893 375 1098 424 artibus.
1172 376 1247 423 Et
1284 375 1449 423 valete
1486 376 1537 422 in
1574 375 1780 424 nomine
1815 389 1854 420 55

224 457 396 489 ommi.

294 525 444 562 Datum
465 528 506 562 in
527 525 729 563 Tmzvmis.

908 643 1054 690 XIX

397 773 460 821 (I
486 772 810 820 STEPHA
821 773 982 820 NUS
1017 773 1168 822 CAL
1181 773 1575 821 VASTRIUS

545 839 918 888 Buce-alamim·
953 841 1034 888 M.
1078 840 1294 888 Ortvino
1333 840 1431 888 Gr.

276 972 602 1020 ALUTEM
634 990 752 1021 cum
789 973 1081 1022 humilitate
1113 991 1232 1039 erga
1267 981 1491 1022 vestram
1525 975 1783 1039 majorita-

309 1046 431 1088 tem.
495 1040 812 1089 Venerabilis
837 1041 1043 1089 domine
1068 1042 1333 1106 magister:
1363 1042 1505 1090 venit
1529 1042 1629 1090 huc
1654 1059 1787 1090 unus

189 1107 353 1155 socius
395 1106 484 1170 qui
525 1109 749 1172 portavit
792 1115 928 1156 certa
970 1108 1206 1165 carmina,
1250 1115 1303 1156 et
1344 1109 1474 1157 dixit
1515 1109 1655 1173 quod
1697 1126 1787 1157 vos
1823 1121 1842 1151 5

190 1174 547 1238 composuistis
583 1174 683 1231 illa,
721 1182 773 1223 et
805 1175 1078 1223 intimastis
1113 1176 1165 1224 in
1200 1175 1444 1223 Colonia:
1495 1182 1621 1224 tunc
1654 1193 1788 1225 unus

189 1248 343 1307 poeta
368 1241 448 1288 hic
481 1242 569 1305 qui
598 1241 752 1290 habet
784 1258 1024 1306 magnam
1050 1243 1272 1298 laudem,
1299 1243 1386 1291 sed
1418 1259 1523 1290 non
1552 1251 1630 1291 est
1660 1244 1788 1292 bene

190 1308 508 1364 christianus,
546 1309 674 1356 vidit
709 1309 794 1356 illa
829 1316 882 1357 et
918 1310 1050 1357 dixit
1085 1311 1224 1374 quod
1260 1326 1364 1357 non
1400 1317 1520 1358 sunt
1557 1311 1706 1367 bona,
1737 1317 1789 1359 et

191 1376 331 1440 quod
373 1375 564 1424 habent
601 1376 767 1424 multa
808 1377 962 1425 vitia:
1006 1383 1058 1424 et
1097 1393 1192 1441 ego
1230 1376 1368 1425 dixi:
1419 1385 1446 1403 “
1469 1378 1508 1425 si
1548 1378 1790 1442 magister

193 1443 441 1491 Ortvinus
490 1443 794 1508 composuit,
836 1450 961 1491 ωηο
1008 1460 1113 1491 ηοη
1160 1444 1351 1491 habent
1392 1443 1530 1500 vitia,
1574 1445 1669 1492 hoc
1713 1451 1790 1492 est
1824 1456 1863 1486 10

193 1511 465 1558 certum”:
515 1517 568 1558 et
608 1510 747 1558 volui
785 1510 1127 1575 impignorare
1168 1512 1399 1559 tunicam
1441 1527 1624 1568 meam,
1651 1513 1790 1575 quod

192 1577 232 1625 si
268 1577 354 1625 illa
389 1584 553 1625 metra
587 1577 833 1625 haberent
868 1577 1008 1634 vitia,
1033 1583 1160 1625 tunc
1195 1594 1286 1625 vos
1322 1594 1427 1625 non
1464 1595 1791 1643 composues—

191 1645 339 1693 setis:
390 1645 478 1692 sed
526 1644 566 1692 si
611 1661 698 1692 vos
747 1644 1186 1709 composuessetis,
1222 1651 1348 1692 ωηο
1396 1661 1499 1692 non
1546 1646 1793 1695 haberent

192 1712 317 1760 vitia
341 1732 348 1761 :
386 1719 438 1760 et
468 1712 622 1759 mitto
647 1711 790 1759 vobis
822 1712 920 1759 ista
952 1712 1175 1760 carmina
1199 1712 1338 1775 quod
1363 1711 1576 1760 videatis
1606 1730 1670 1760 an
1702 1730 1792 1762 vos

191 1779 408 1827 finxistis
446 1778 547 1834 illa,
591 1785 642 1827 et
686 1778 915 1827 scribatis
957 1779 1098 1827 mihi.
1185 1779 1260 1827 Et
1298 1784 1376 1826 est
1417 1779 1545 1826 illud
1588 1797 1792 1828 carmen
1827 1795 1866 1826 15

191 1846 437 1910 scriptum
457 1847 509 1894 in
528 1852 693 1894 morte
712 1845 943 1922 magistri
961 1846 1121 1895 nostri
1142 1845 1361 1911 Sotphi
1349 1863 1401 1894 1η
1421 1846 1572 1894 bursa
1593 1847 1792 1904 Kneck,

191 1913 279 1977 qui
321 1913 443 1961 olim
484 1914 774 1978 composuit
807 1914 1004 1979 glosam
1042 1914 1340 1988 notabilem,
1381 1920 1434 1962 et
1469 1931 1606 1962 nunc
1643 1915 1792 1980 proh—

192 1980 336 2028 dolor
377 1987 455 2029 est
498 1987 745 2030 mortuus.
833 1982 1146 2045 Requiescat
1182 1981 1235 2028 in
1270 1997 1406 2045 pace.
1494 1981 1566 2029 Et
1604 1989 1680 2030 est
1723 1982 1792 2031 sic

191 2048 451 2096 initiatum
474 2065 484 2096 τ

573 2116 654 2152 Hic
675 2116 775 2153 obiit
798 2130 921 2152 unum
943 2116 1268 2154 solennissimum
1289 2118 1554 2165 suppositum,
1828 2120 1866 2149 20

572 2170 647 2206 Per
666 2173 1037 2220 spiritumsanctum
1060 2173 1313 2207 universitati
1335 2175 1487 2217 natum,

569 2223 689 2269 Quod
710 2227 814 2262 rexit
834 2227 875 2261 in
897 2225 1013 2261 bursa
1036 2224 1195 2269 Kneck,

573 2278 634 2314 Do
656 2278 793 2315 macht
815 2292 857 2315 er
878 2278 943 2314 die
966 2279 1130 2328 copulat
1152 2280 1199 2314 νό
1221 2277 1339 2315 stuck
1360 2291 1408 2314 zu
1430 2278 1559 2316 stuck.

235 2396 248 2414 ¹
272 2396 362 2431 This
396 2397 460 2442 Ep.
495 2408 566 2430 was
598 2396 789 2441 reprinted
821 2397 859 2430 in
893 2396 958 2431 the
1074 2395 1100 2414 ¹⁵
1126 2398 1254 2440 Sotphi.
1300 2397 1368 2431 See
1391 2397 1412 2430 i.
1437 2398 1470 2438 3,
1495 2408 1529 2431 n.
1580 2396 1659 2430 Τ119
1688 2398 1793 2439 Epio-

189 2444 323 2478 second
342 2444 400 2479 ed.
419 2444 460 2477 of
472 2444 536 2478 the
550 2444 692 2477 Second
707 2444 826 2478 Series
839 2444 881 2477 of
894 2443 958 2477 the
1026 2446 1122 2477 dium
1157 2443 1275 2489 really
1309 2444 1454 2478 written
1489 2443 1537 2489 by
1570 2443 1712 2477 Ortwin
1754 2444 1793 2476 in

193 2491 230 2524 Ε
245 2491 288 2525 Ο.
301 2490 343 2527 V.
359 2491 496 2534 (1517),
510 2491 595 2524 with
610 2494 682 2524 two
695 2490 956 2536 slightaltera-
1023 2503 1188 2537 memory
1218 2492 1260 2525 of
1296 2490 1464 2525 Gerhard
1505 2501 1576 2524 von
1618 2489 1791 2535 Zutphen

188 2538 528 2581 tions,n1entioned
547 2537 671 2572 below
1022 2551 1176 2584 appears
1205 2539 1242 2572 111
1271 2539 1337 2572 the
1367 2539 1646 2572 Lamentationes
1669 2538 1792 2571 Obscu-

237 2584 251 2603 ³
275 2588 422 2629 maj..0r·
448 2585 535 2619 here
560 2584 729 2630 quaintly
757 2585 841 2619 used
873 2596 911 2618 as
936 2597 957 2618 a
1023 2598 1143 2619 rorum
1183 2584 1587 2629 Iiroru1›z,published
1620 2584 1658 2617 in
1691 2584 1790 2619 1518.

190 2632 274 2667 title
300 2632 342 2666 of
364 2632 531 2674 honour3
558 2631 799 2677 technically,
827 2632 865 2665 in
892 2631 957 2666 the
1023 2633 1102 2666 lhe
1120 2633 1256 2666 author
1273 2631 1477 2676 complains
1493 2631 1576 2665 that
1599 2630 1656 2664 his
1674 2629 1756 2675 eleg
1760 2643 1793 2676 y,

191 2679 319 2713 Canon
354 2679 449 2722 Law‚
482 2659 738 2722 “inajoritas”
769 2679 885 2713 refers
918 2683 957 2713 to
1041 2681 1098 2713 (111
1124 2679 1290 2725 epistolis
1315 2679 1567 2712 Obscurorum
1594 2677 1794 2711 Reuchlin-

191 2726 255 2761 the
280 2726 374 2760 rank
400 2727 442 2760 of
462 2738 482 2760 a
508 2737 616 2771 supe}
619 2738 675 2759 101
700 2725 831 2760 relatix
834 2726 894 2771 ely
918 2730 957 2760 ‘co
1025 2729 1177 2761 istarum
1221 2727 1393 2770 nequiter
1428 2730 1484 2759 est
1521 2724 1780 2759 immutatum!

191 2773 274 2807 that
291 2773 333 2806 of
344 2785 390 2806 an
408 2773 562 2807 inferior
580 2772 700 2808 cleric.
1024 2774 1104 2808 The
1121 2774 1343 2817 sueceeding
1362 2783 1496 2813 verseS,
1515 2771 1691 2815 however,
1709 2783 1792 2806 can-

237 2818 251 2838 ⁵
277 2824 392 2854 certa:
409 2820 496 2854 for‘
502 2821 701 2865 ‘quaedam
714 2819 734 2831 ”
754 2820 958 2866 :precisely
1027 2826 1091 2855 not
1110 2820 1154 2855 be
1172 2820 1314 2855 termed
1332 2832 1353 2853 a
1367 2819 1506 2864 parody
1523 2818 1565 2852 of
1577 2798 1733 2853 Ortwin’
1735 2831 1760 2852 S.

192 2865 404 2910 equivalent
438 2871 477 2900 to
513 2867 576 2901 the
618 2848 775 2912 English
818 2879 881 2901 use
922 2868 964 2901 of
1075 2884 1102 2903 22

197 2913 407 2947 “certain'’
435 2918 474 2948 to
503 2913 642 2959 qualify
671 2915 755 2948 that
782 2914 900 2948 which
931 2915 960 2948 is

195 2960 344 3003 known
381 2959 448 2994 but
488 2961 579 2995 need
623 2966 691 2995 not
729 2960 774 2995 be
814 2961 961 2996 further

1126 2887 1217 2919 revit
1229 2896 1240 2918 .·
1267 2885 1294 2901 ((
1307 2895 1377 2916 was
1396 2883 1543 2927 Regent
1559 2882 1607 2917 of.
1615 2884 1631 2899 ''

1074 2941 1101 2960 ²³
1126 2944 1273 2985 copulat.
1319 2941 1387 2975 See
1405 2941 1426 2973 i.
1449 2940 1502 2982 ll,
1521 2951 1557 2974 π.

197 3005 486 3071 particularised.
1075 3004 1102 3023 ²³
1127 3017 1189 3039 1·οη
1208 3006 1308 3039 εἶτα-Ι(
1321 3016 1369 3037 zu
1383 3005 1505 3038 stzwlc:
1523 3004 1561 3037 1η
1575 3003 1640 3039 the
1652 3004 1795 3039 Second

244 3053 401 3096 ⁷p0eta:
425 3053 603 3098 probably
616 3054 797 3089 Buschius
813 3054 968 3089 himself
1028 3053 1147 3087 Series
1187 3052 1262 3086 this
1303 3051 1470 3085 becomes
1520 3051 1611 3085 ‘von
1652 3051 1720 3086 kot
1752 3063 1796 3086 zu

198 3105 284 3134 -to
315 3100 432 3133 whom
460 3100 632 3146 Bocking
660 3102 858 3136 attributis
888 3102 962 3135 this
1029 3099 1171 3134 dreck’
1176 3119 1220 3124 —
1226 3098 1347 3132 “mud
1366 3097 1423 3131 for
1437 3098 1528 3132 mire
1541 3097 1651 3133 ''—to
1664 3099 1798 3134 substi-

200 3147 228 3181 E
214 3159 265 3193 p.
1031 3151 1111 3181 tute
1129 3157 1199 3180 one
1212 3144 1403 3179 worthless
1419 3145 1529 3190 thing
1545 3145 1603 3180 for
1619 3146 1787 3181 another.

972 3207 1035 3249 53
