2247 3637
200 254 254 292 11.
281 256 320 303 7]
555 239 1005 296 ALBERTUS
1057 241 1457 297 ACUFICIS

201 350 559 400 commendate
606 366 688 398 me
730 350 848 396 huic
895 348 1109 396 notabili
1157 348 1470 411 Theologoff'
1566 350 1797 397 Protunc

199 418 380 467 habuit
402 417 642 472 fautores,
668 423 721 464 et
748 417 914 464 Causa
938 431 1029 463 sua
1055 415 1184 463 bene
1208 415 1367 462 stetit.
1444 416 1595 463 Nunc
1621 422 1796 463 autem

201 483 550 548 derelinquitis
591 500 711 532 eum
758 499 862 531 non
904 482 1169 530 mittentes
1211 481 1257 529 ei
1299 482 1418 529 satis
1459 484 1523 531 de
1568 483 1794 547 pecunia.

203 553 319 616 Ego
358 550 514 599 semel
554 550 628 598 fui
668 551 719 597 in
759 551 975 598 Camera
1015 549 1187 613 ipsius,
1223 555 1349 596 tunc
1391 549 1492 596 vidi
1532 550 1599 597 ibi
1639 550 1800 598 iacere

204 635 419 683 cappam
445 634 606 673 suam,
626 624 678 665 et
699 617 801 664 vidi
824 617 964 681 quod
988 617 1089 664 fuit
1112 616 1263 680 plena
1287 617 1653 680 pediculorum.
1728 617 1802 665 Et

203 686 308 750 ipse
334 684 510 732 videns
546 684 685 748 quod
721 700 816 748 ego
841 684 961 741 vidi,
987 684 1226 748 allegavit
1261 684 1562 747 scripturam
1600 684 1801 732 dicens:

206 761 232 779 ‘⁶
254 751 517 799 Animalia
545 757 636 798 tua
665 751 974 799 habitabunt
1010 751 1062 799 in
1098 768 1185 800 ea:
1222 751 1408 814 parasti
1444 750 1497 797 in
1532 750 1802 798 dulcedine

203 826 296 866 tua
333 817 559 882 pauperi,
598 817 772 865 deus.’'
845 818 919 865 Et
957 819 1146 866 iterum
1187 818 1319 865 dixit
1356 818 1684 866 “Tabescere
1720 834 1802 865 me

204 885 326 934 fecit
351 884 487 933 zelus
513 886 702 932 meus.’'
762 884 880 949 Ego
905 892 1080 933 autem
1105 902 1168 933 ex
1194 885 1636 933 commiseratione
1670 885 1800 933 flevi.

205 951 424 1000 Debetis
450 968 570 1015 ergo
595 967 702 1000 esse
726 968 818 1015 pro
843 969 919 1008 eo,
946 953 1084 1016 quod
1119 959 1295 1001 tamen
1330 953 1511 1000 fratres
1548 952 1805 1017 praedica-

203 1027 341 1068 tores
366 1019 580 1066 mittant
605 1019 650 1066 ei
674 1020 958 1083 pecuniam.
1033 1019 1085 1067 Si
1111 1019 1292 1067 dicunt
1310 1020 1448 1083 quod
1474 1036 1575 1067 non
1600 1019 1806 1075 habent,

206 1094 333 1135 tunc
361 1085 542 1134 dicatis
581 1086 720 1149 quod
756 1085 1010 1151 accipiant
1047 1087 1110 1134 de
1147 1086 1248 1142 illa,
1290 1103 1447 1150 quam
1487 1087 1807 1152 collegerunt

207 1171 271 1202 ex
290 1153 623 1217 indulgentiis
644 1172 652 1202 :
690 1152 811 1216 quia
829 1160 907 1202 est
927 1171 1076 1201 causa
1093 1154 1227 1210 fidei,
1248 1160 1300 1201 et
1319 1170 1450 1217 quae
1468 1153 1810 1218 impetrantur

206 1222 258 1268 in
283 1220 368 1268 illa
394 1237 559 1275 causa,
584 1219 925 1284 impetrantur
949 1237 1039 1285 pro
1064 1220 1163 1268 fide
1188 1221 1488 1270 Christiana.
1567 1222 1760 1270 Valete.

316 1305 468 1343 Datum
499 1305 726 1344 AUGUSTAE.

958 1488 1067 1536 VII

345 1625 408 1673 {I
445 1623 604 1670 FRA
621 1624 777 1670 TER
824 1623 875 1670 Α
884 1623 1102 1670 LBER
1114 1623 1264 1670 TUS
1304 1625 1355 1671 A
1368 1624 1412 1672 C
1419 1624 1561 1671 UFI
1562 1625 1642 1673 CI
1640 1627 1684 1672 S

617 1690 696 1738 M.
729 1690 945 1738 Ortvino
974 1690 1163 1738 Gratio
1190 1689 1411 1739 Salutem

358 1823 827 1871 ONORABILIS
860 1824 951 1879 vir,
978 1840 1141 1888 nuper
1176 1824 1318 1872 venit
1354 1825 1453 1872 huc
1490 1844 1593 1874 una
1628 1827 1815 1885 littera,

390 1908 417 1937 a
464 1891 815 1938 dominatione
863 1897 1032 1938 vestra
1074 1892 1199 1939 mihi
1241 1893 1509 1941 destinata.
1583 1894 1658 1942 Et
1698 1912 1817 1943 cum

216 1958 416 2007 laeticia
452 1958 640 2023 aperui,
674 1959 796 2022 quia
828 1959 1047 2022 cognovi
1083 1959 1309 2023 sigillum
1346 1966 1590 2017 vestrum,
1629 1969 1682 2010 et
1717 1963 1817 2026 legi

219 2033 272 2075 et
296 2025 531 2090 intelligo
556 2026 695 2089 quod
719 2025 789 2073 D.
818 2032 986 2074 vestra
1016 2027 1158 2090 cupit
1194 2027 1318 2075 scire
1343 2028 1604 2091 quomodo
1641 2036 1818 2078 tamen

218 2093 450 2141 homines
486 2093 770 2155 loquuntur
805 2093 886 2140 hic
923 2094 986 2140 de
1024 2110 1175 2141 causa
1212 2094 1331 2142 fidei
1367 2095 1500 2143 inter
1534 2113 1622 2144 vos
1648 2097 1818 2146 Theo-

218 2161 363 2224 logos
393 2166 446 2208 et
472 2160 758 2207 Iohannem
785 2160 1055 2208 Reuchlin.
1130 2161 1265 2209 Volo
1295 2162 1437 2209 vobis
1474 2163 1704 2220 scribere,
1731 2165 1819 2213 sed

219 2244 324 2275 non
360 2227 557 2275 debetis
593 2227 718 2274 mihi
754 2226 939 2276 habere
975 2245 1066 2292 pro
1105 2228 1257 2284 malo,
1283 2230 1403 2292 quia
1435 2247 1539 2278 non
1573 2238 1693 2279 sunt
1728 2249 1819 2297 pro

221 2300 367 2359 parte
408 2300 587 2341 vestra.
686 2294 880 2343 Omnes
922 2295 1102 2342 dicunt
1149 2296 1288 2359 quod
1331 2297 1582 2362 Theologi
1625 2299 1820 2346 faciunt

223 2361 481 2409 Reuchlin
512 2360 643 2409 sicut
681 2362 870 2409 scribae
895 2369 949 2410 et
972 2362 1218 2426 pharisaei
1253 2363 1487 2412 fecerunt
1523 2365 1742 2421 Christo,
1768 2372 1821 2413 et

221 2428 360 2493 quod
395 2428 501 2493 ipse
539 2445 738 2493 semper
772 2429 871 2476 fuit
907 2430 1096 2494 probus
1131 2429 1222 2486 vir,
1262 2437 1315 2478 et
1356 2431 1455 2479 fuit
1496 2431 1546 2479 in
1590 2432 1820 2480 Concilio

223 2497 444 2543 duorum
482 2496 874 2561 Imperatorum.
949 2497 1023 2544 Et
1047 2514 1138 2545 sua
1162 2497 1382 2545 iuristria
1405 2499 1603 2546 iuvavit
1630 2500 1820 2548 multas

223 2562 454 2611 civitates
514 2569 566 2610 et
627 2563 901 2628 Principes.
997 2564 1070 2611 Et
1117 2581 1295 2612 omnes
1347 2565 1655 2614 invenerunt
1702 2583 1821 2613 eum

224 2631 444 2694 probum
469 2636 521 2677 et
546 2630 764 2678 fidelem.
838 2630 912 2678 Et
936 2631 1076 2695 quod
1101 2631 1352 2696 Theologi
1378 2632 1609 2680 invident
1633 2633 1822 2697 gloriae

224 2697 396 2761 ipsius,
424 2704 476 2744 et
504 2698 776 2746 voluerunt
802 2714 922 2746 eum
947 2698 1199 2746 declarare
1224 2699 1537 2747 haereticum
1563 2717 1652 2764 per
1676 2700 1824 2749 devia

226 2770 278 2811 et
320 2763 599 2812 nullitates.
673 2765 899 2820 Quando
936 2765 1059 2813 talia
1107 2766 1273 2821 audio,
1312 2772 1436 2813 tunc
1475 2773 1626 2815 teneo
1665 2784 1823 2832 oppo-

228 2831 416 2878 situm:
455 2831 557 2879 Sed
593 2832 731 2880 scitis
767 2833 896 2881 bene
934 2833 1074 2896 quod
1111 2832 1264 2879 multi
1302 2849 1449 2880 canes
1485 2834 1828 2898 superlatrant

275 2928 302 2948 ³²
319 2932 464 2973 script.:
491 2929 584 2965 Psal.
605 2930 706 2965 lxvii.
729 2933 782 2965 11.
1113 2929 1255 2965 13ἄτιον.
1290 2932 1379 2974 Imp.
1447 2932 1636 2967 Friedrich
1679 2934 1747 2969 ΙΙΙ.
1790 2936 1828 2969 in

278 2985 306 3005 ³³
326 2989 459 3022 m...
472 3000 484 3022 ··
510 2987 605 3022 Μ
1067 2977 1306 3069 mm

1290 3051 1302 3058 μ
1652 3042 1662 3062 l
1700 3055 1709 3070 9

1068 3071 1298 3105 Maximilian
1316 3071 1529 3119 frequently
1545 3075 1676 3120 speaks
1693 3076 1736 3110 of
1755 3077 1831 3110 him

280 3113 293 3132 ⁶
312 3118 356 3150 l).
369 3128 382 3150 .·
407 3116 631 3150 Dominatio.
1066 3131 1105 3152 as
1126 3120 1152 3136 “
1164 3117 1412 3153 consiliarium
1431 3122 1630 3157 nostrum.'’

1001 3179 1095 3221 143

280 3050 291 3069 ¹
309 3054 397 3085 Aca.
410 3063 422 3085 .·
448 3051 716 3087 needlemaker.

1835 637 1873 666 30

1848 1306 1885 1334 40

1856 2312 1893 2341 10

1860 2645 1897 2674 15
