2247 3637
907 522 1073 570 XVII

496 658 559 705 Εἰ
596 656 755 703 FRA
766 656 1117 704 DERJCUS
1150 656 1313 705 GLA
1324 657 1489 704 NTZ

709 724 788 771 M.
832 723 1047 771 Ortz‘z'no
1087 724 1277 772 Gratio

283 856 567 904 ALUTIS
604 856 902 905 Cumulum.
978 856 1306 905 Honorabilis
1336 857 1425 914 vir,
1452 856 1492 905 si
1526 873 1627 905 non
1653 857 1790 905 scitis

316 922 469 989 prius,
506 930 633 971 tunc
678 924 794 972 volo
837 923 979 972 vobis
1022 924 1299 973 certificare
1341 942 1488 980 nova,
1532 924 1672 988 quod
1714 925 1788 973 fui

188 991 270 1039 hic
307 991 360 1038 in
393 1007 577 1054 guerra
610 1007 729 1038 cum
762 992 989 1055 quodam
1024 993 1263 1048 Cantore,
1289 992 1379 1056 qui
1410 998 1562 1058 putat
1598 1008 1650 1040 se
1683 1008 1790 1041 esse
1825 1009 1844 1038 5

188 1074 438 1121 magnum
486 1058 771 1113 dominum,
820 1059 907 1106 sed
962 1065 1039 1107 est
1091 1058 1257 1107 adhuc
1303 1060 1377 1107 ita
1424 1060 1552 1107 bene
1598 1075 1792 1125 pauper

189 1125 355 1174 socius
403 1125 536 1173 sicut
582 1141 679 1189 ego
726 1131 779 1172 et
826 1125 923 1174 alii.
997 1125 1106 1174 Nos
1154 1126 1377 1175 bibimus
1417 1127 1471 1174 in
1518 1126 1686 1181 simul,
1737 1133 1789 1175 et

189 1193 295 1257 ipse
331 1192 462 1239 dixit
499 1192 638 1256 quod
675 1199 928 1257 portasset
963 1192 1087 1241 mihi
1124 1211 1288 1241 unum
1316 1200 1491 1242 totum
1521 1199 1789 1241 cantarum

191 1259 506 1308 Cerevisiae:
544 1265 596 1306 et
622 1275 717 1324 ego
746 1259 852 1307 dixi
881 1260 1021 1324 quod
1045 1277 1160 1309 non.
1217 1261 1291 1309 Et
1310 1261 1382 1309 ita
1401 1278 1483 1309 me
1503 1261 1627 1309 deus
1647 1261 1790 1309 iuvet

189 1327 330 1391 quod
355 1343 460 1374 non
485 1326 589 1374 vidi
614 1327 753 1391 quod
779 1326 920 1375 bibit.
1826 1342 1864 1372 10

292 1394 442 1441 Tunc
479 1393 614 1442 dixi:
653 1394 928 1442 “Domine
964 1394 1174 1450 Cantor,
1212 1393 1330 1459 Ego
1370 1411 1474 1442 non
1511 1394 1615 1443 vidi
1650 1396 1790 1459 quod

190 1460 417 1517 bibistis;
466 1461 506 1508 si
552 1460 806 1517 vidissem,
847 1467 974 1509 tunc
1014 1460 1233 1509 libenter
1268 1462 1453 1509 vellem
1489 1463 1793 1527 respondere

191 1527 351 1584 vobis,
400 1527 540 1584 Quia
588 1527 753 1575 adhuc
806 1544 921 1575 sum
971 1528 1356 1592 Imperterritus
1405 1535 1581 1576 contra
1628 1546 1791 1578 unum

192 1595 477 1643 Cantarum
527 1594 854 1643 Cerevisiae.’'
924 1594 1073 1643 Tunc
1121 1595 1307 1644 iuravit
1353 1596 1494 1660 quod
1539 1602 1792 1660 portasset

192 1662 335 1718 mihi,
356 1668 409 1710 et
433 1661 565 1710 dixit
589 1662 728 1726 quod
753 1661 916 1710 debeo
942 1661 1126 1710 bibere.
1202 1663 1495 1727 Respondi:
1531 1671 1559 1689 ‘⁶
1577 1664 1791 1713 Portate
1827 1681 1866 1710 15

191 1730 318 1778 mihi
344 1746 524 1785 unum,
552 1735 605 1777 et
633 1728 816 1777 faciam
849 1729 994 1777 vobis
1027 1730 1239 1793 aequu.''
1310 1730 1459 1778 Tunc
1493 1729 1625 1778 dixit
1653 1732 1792 1794 quod

190 1803 444 1862 portasset
479 1796 605 1843 mihi
641 1801 693 1844 et
729 1812 851 1860 ergo
892 1813 1054 1844 essem
1096 1796 1141 1844 ei
1178 1796 1466 1846 satisfacere
1501 1797 1790 1847 obstrictus.

192 1863 459 1929 Respondi
491 1864 630 1927 quod
664 1880 768 1911 non
794 1863 913 1920 vidi,
939 1869 993 1912 et
1024 1864 1192 1928 posito
1226 1881 1345 1913 casu
1370 1865 1509 1928 quod
1535 1864 1790 1922 vidissem,

190 1937 369 1979 tamen
402 1947 507 1979 non
530 1937 729 1978 tenerer
754 1929 816 1987 ei,
841 1937 894 1979 et
918 1931 982 1979 de
1007 1931 1150 1979 nullo
1174 1931 1284 1980 iure
1308 1938 1480 1997 potest
1505 1948 1588 1980 me
1613 1949 1793 1997 cogere

192 1999 256 2046 ad
280 1998 577 2054 bibendum,
603 1998 811 2062 quando
834 2014 939 2046 non
964 1998 1082 2046 volo
1107 1998 1239 2046 dixit
1264 1999 1363 2055 ille,
1391 2007 1418 2026 “
1442 1999 1558 2047 Imo
1582 2017 1790 2065 possum
1829 2023 1868 2051 20

192 2082 283 2113 vos
320 2065 544 2130 cogere.”
616 2065 910 2130 Respondi:
949 2065 1104 2114 “Ubi
1143 2065 1240 2114 hoc
1275 2066 1546 2130 legistis?'’
1618 2067 1790 2118 Dixit.

195 2133 296 2180 “in
325 2131 353 2181 l.
390 2133 573 2180 Vinum
605 2132 675 2198 ff
710 2133 768 2180 Sa·
800 2138 986 2181 certum
1000 2134 1259 2197 petcctm·.''
1331 2134 1610 2198 Respondi,
1639 2142 1665 2161 ‘⁶
1685 2136 1792 2183 Vos

193 2199 425 2265 allegatis
457 2216 541 2247 me
575 2200 710 2255 Iura,
737 2199 855 2264 Ego
884 2216 988 2247 non
1018 2217 1133 2248 sum
1163 2200 1355 2257 iurista,
1382 2202 1469 2250 sed
1496 2201 1612 2249 volo
1637 2201 1791 2250 inter-

192 2283 370 2331 rogare
407 2267 668 2331 desuper.'’
739 2265 814 2315 Et
850 2266 918 2315 sic
955 2267 1083 2315 solvi
1119 2268 1328 2316 zecham
1363 2275 1417 2316 et
1451 2269 1645 2317 recessi.
1718 2269 1792 2316 Et

193 2334 327 2382 dixit
372 2334 479 2399 ipse
525 2333 666 2398 quod
712 2350 980 2398 nunquam
1028 2334 1079 2382 in
1128 2334 1235 2384 vita
1282 2352 1373 2384 sua
1419 2335 1545 2383 mihi
1591 2342 1792 2400 portare
1828 2356 1866 2385 25

193 2401 399 2466 aliquid.
494 2400 789 2465 Respondi:
849 2401 1212 2451 “dimittatis'’
1306 2402 1390 2450 Sic
1443 2409 1520 2451 est
1577 2403 1791 2454 factum.

196 2468 448 2533 Magister
490 2467 723 2524 Ortvine,
761 2468 868 2517 Vos
901 2467 1058 2518 etiam
1098 2485 1188 2534 per
1225 2469 1553 2518 Contrarium
1590 2469 1792 2517 scribite

194 2535 320 2584 mihi
366 2535 568 2584 novalia
614 2535 688 2583 Et
735 2534 901 2584 valete
946 2542 1056 2584 tam
1104 2537 1192 2585 diu
1240 2537 1402 2586 donec
1449 2554 1582 2585 unus
1623 2553 1793 2602 passer

196 2603 445 2668 ponderat
471 2609 682 2651 centum
706 2602 872 2651 libras.

305 2687 457 2725 Datum
479 2687 521 2724 M
526 2699 746 2724 oNAsTERu.
1827 2688 1866 2719 30

245 2790 257 2809 ¹
275 2794 383 2825 Frad.
398 2803 410 2826 :
434 2792 521 2826 thus
546 2793 584 2826 in
610 2791 672 2838 [C]
696 2792 769 2826 and
794 2790 875 2838 [D]‚
895 2791 962 2826 but
1078 2791 1106 2810 ²2
1122 2794 1144 2826 Ι.
1172 2794 1266 2834 Vin„
1285 2792 1375 2826 &cst
1403 2792 1440 2827 L.
1466 2790 1524 2834 22,
1544 2791 1587 2825 D.
1615 2792 1660 2826 de
1685 2791 1793 2827 rebus

196 2839 355 2884 perhaps
371 2850 393 2872 a
408 2839 592 2884 misprint.
1031 2839 1180 2875 creditis
1197 2841 1227 2874 si
1246 2844 1388 2874 certum
1408 2843 1556 2884 petatur
1572 2840 1633 2875 xii.
1655 2840 1685 2873 l.

965 3185 1058 3231 173
