<?xml version="1.0" encoding="UTF-8"?>
<!DOCTYPE html PUBLIC "-//W3C//DTD XHTML 1.0 Transitional//EN"
    "http://www.w3.org/TR/xhtml1/DTD/xhtml1-transitional.dtd">
<html xmlns="http://www.w3.org/1999/xhtml" xml:lang="en" lang="en">
 <head>
  <title>
</title>
<meta http-equiv="Content-Type" content="text/html;charset=utf-8" />
  <meta name='ocr-system' content='tesseract 3.04.00' />
  <meta name='ocr-capabilities' content='ocr_page ocr_carea ocr_par ocr_line ocrx_word'/>
</head>
<body>
  <div class='ocr_page' id='page_1' title='image "./epistolaeobscuro00huttuoft_0325.png"; bbox 0 0 2247 3637; ppageno 0'>
   <div class='ocr_carea' id='block_1_1' title="bbox 225 245 1694 308">
    <p class='ocr_par' dir='ltr' id='par_1_1' title="bbox 225 245 1694 308">
     <span class='ocr_line' id='line_1_1' title="bbox 225 245 1694 308; baseline 0.003 -13"><span class='ocrx_word' id='word_1_1' title='bbox 225 258 280 295; x_wconf 88' lang='lat'>11.</span> <span class='ocrx_word' id='word_1_2' title='bbox 303 258 371 308; x_wconf 72' lang='lat'>26]</span> <span class='ocrx_word' id='word_1_3' title='bbox 484 245 925 303; x_wconf 81' lang='lat' dir='ltr'>HENRICUS</span> <span class='ocrx_word' id='word_1_4' title='bbox 979 245 1694 301; x_wconf 68' lang='lat' dir='ltr'>SCHAFFSMULIUS</span> 
     </span>
    </p>
   </div>
   <div class='ocr_carea' id='block_1_2' title="bbox 219 352 1824 2151">
    <p class='ocr_par' dir='ltr' id='par_1_2' title="bbox 219 352 1824 2151">
     <span class='ocr_line' id='line_1_2' title="bbox 226 352 1821 418; baseline -0.002 -15"><span class='ocrx_word' id='word_1_5' title='bbox 226 355 351 403; x_wconf 90' lang='lat' dir='ltr'>mihi</span> <span class='ocrx_word' id='word_1_6' title='bbox 375 354 514 418; x_wconf 93' lang='lat' dir='ltr'>quod</span> <span class='ocrx_word' id='word_1_7' title='bbox 539 360 615 401; x_wconf 92' lang='lat' dir='ltr'>est</span> <span class='ocrx_word' id='word_1_8' title='bbox 640 353 771 401; x_wconf 87' lang='lat' dir='ltr'>sicut</span> <span class='ocrx_word' id='word_1_9' title='bbox 795 354 858 400; x_wconf 91' lang='lat' dir='ltr'>de</span> <span class='ocrx_word' id='word_1_10' title='bbox 891 353 1062 401; x_wconf 87' lang='lat' dir='ltr'>Caseis</span> <span class='ocrx_word' id='word_1_11' title='bbox 1091 352 1142 399; x_wconf 93' lang='lat' dir='ltr'>in</span> <span class='ocrx_word' id='word_1_12' title='bbox 1175 353 1361 417; x_wconf 86' lang='lat' dir='ltr'>quibus</span> <span class='ocrx_word' id='word_1_13' title='bbox 1396 354 1670 417; x_wconf 87' lang='lat' dir='ltr'>aliquando</span> <span class='ocrx_word' id='word_1_14' title='bbox 1701 359 1821 401; x_wconf 89' lang='lat' dir='ltr'>sunt</span> 
     </span>
     <span class='ocr_line' id='line_1_3' title="bbox 227 419 1821 483; baseline -0.001 -14"><span class='ocrx_word' id='word_1_15' title='bbox 227 438 439 477; x_wconf 84' lang='lat' dir='ltr'>vermes,</span> <span class='ocrx_word' id='word_1_16' title='bbox 465 427 517 469; x_wconf 87' lang='lat' dir='ltr'>et</span> <span class='ocrx_word' id='word_1_17' title='bbox 542 420 594 467; x_wconf 91' lang='lat' dir='ltr'>in</span> <span class='ocrx_word' id='word_1_18' title='bbox 621 420 817 476; x_wconf 86' lang='lat' dir='ltr'>cerasis,</span> <span class='ocrx_word' id='word_1_19' title='bbox 844 426 896 467; x_wconf 88' lang='lat' dir='ltr'>et</span> <span class='ocrx_word' id='word_1_20' title='bbox 922 421 972 467; x_wconf 90' lang='lat' dir='ltr'>in</span> <span class='ocrx_word' id='word_1_21' title='bbox 1006 419 1123 483; x_wconf 86' lang='lat' dir='ltr'>pisis</span> <span class='ocrx_word' id='word_1_22' title='bbox 1160 427 1212 468; x_wconf 92' lang='lat' dir='ltr'>et</span> <span class='ocrx_word' id='word_1_23' title='bbox 1243 421 1372 467; x_wconf 87' lang='lat' dir='ltr'>fabis</span> <span class='ocrx_word' id='word_1_24' title='bbox 1404 421 1707 476; x_wconf 79' lang='lat' dir='ltr'>recentibus,</span> <span class='ocrx_word' id='word_1_25' title='bbox 1734 420 1821 468; x_wconf 91' lang='lat' dir='ltr'>sed</span> 
     </span>
     <span class='ocr_line' id='line_1_4' title="bbox 226 486 1820 551; baseline -0.001 -15"><span class='ocrx_word' id='word_1_26' title='bbox 226 496 401 537; x_wconf 89' lang='lat' dir='ltr'>tamen</span> <span class='ocrx_word' id='word_1_27' title='bbox 434 488 776 536; x_wconf 89' lang='lat' dir='ltr'>comeduntur</span> <span class='ocrx_word' id='word_1_28' title='bbox 811 488 862 535; x_wconf 90' lang='lat' dir='ltr'>in</span> <span class='ocrx_word' id='word_1_29' title='bbox 900 487 1055 534; x_wconf 89' lang='lat' dir='ltr'>sextis</span> <span class='ocrx_word' id='word_1_30' title='bbox 1091 486 1240 540; x_wconf 86' lang='lat' dir='ltr'>feriis.</span> <span class='ocrx_word' id='word_1_31' title='bbox 1267 494 1320 534; x_wconf 91' lang='lat' dir='ltr'>et</span> <span class='ocrx_word' id='word_1_32' title='bbox 1356 487 1510 535; x_wconf 89' lang='lat' dir='ltr'>etiam</span> <span class='ocrx_word' id='word_1_33' title='bbox 1550 488 1601 534; x_wconf 92' lang='lat' dir='ltr'>in</span> <span class='ocrx_word' id='word_1_34' title='bbox 1639 487 1820 551; x_wconf 81' lang='lat' dir='ltr'>vigiliis</span> 
     </span>
     <span class='ocr_line' id='line_1_5' title="bbox 227 553 1819 620; baseline -0.002 -16"><span class='ocrx_word' id='word_1_35' title='bbox 227 556 616 620; x_wconf 81' lang='lat' dir='ltr'>Apostolorum.</span> <span class='ocrx_word' id='word_1_36' title='bbox 694 553 943 618; x_wconf 90' lang='lat' dir='ltr'>Hospites</span> <span class='ocrx_word' id='word_1_37' title='bbox 967 561 1142 602; x_wconf 87' lang='lat' dir='ltr'>autem</span> <span class='ocrx_word' id='word_1_38' title='bbox 1168 554 1240 601; x_wconf 91' lang='lat' dir='ltr'>ita</span> <span class='ocrx_word' id='word_1_39' title='bbox 1267 561 1387 602; x_wconf 88' lang='lat' dir='ltr'>sunt</span> <span class='ocrx_word' id='word_1_40' title='bbox 1421 554 1646 618; x_wconf 90' lang='lat' dir='ltr'>pultroni</span> <span class='ocrx_word' id='word_1_41' title='bbox 1683 556 1819 617; x_wconf 92' lang='lat' dir='ltr'>quod</span> 
     </span>
     <span class='ocr_line' id='line_1_6' title="bbox 226 621 1717 686; baseline -0.001 -17"><span class='ocrx_word' id='word_1_42' title='bbox 226 623 406 671; x_wconf 89' lang='lat' dir='ltr'>dicunt</span> <span class='ocrx_word' id='word_1_43' title='bbox 430 622 569 686; x_wconf 92' lang='lat' dir='ltr'>quod</span> <span class='ocrx_word' id='word_1_44' title='bbox 595 628 715 668; x_wconf 90' lang='lat' dir='ltr'>sunt</span> <span class='ocrx_word' id='word_1_45' title='bbox 748 637 937 676; x_wconf 83' lang='lat' dir='ltr'>carnes,</span> <span class='ocrx_word' id='word_1_46' title='bbox 963 627 1023 669; x_wconf 89' lang='lat' dir='ltr'>ut</span> <span class='ocrx_word' id='word_1_47' title='bbox 1049 622 1270 669; x_wconf 77' lang='lat' dir='ltr'>habeant</span> <span class='ocrx_word' id='word_1_48' title='bbox 1294 621 1408 685; x_wconf 90' lang='lat' dir='ltr'>plus</span> <span class='ocrx_word' id='word_1_49' title='bbox 1434 622 1717 685; x_wconf 80' lang='lat' dir='ltr'>pecuniam.</span> 
     </span>
     <span class='ocr_line' id='line_1_7' title="bbox 328 688 1819 753; baseline -0.002 -16"><span class='ocrx_word' id='word_1_50' title='bbox 328 691 475 737; x_wconf 91' lang='lat' dir='ltr'>Tunc</span> <span class='ocrx_word' id='word_1_51' title='bbox 501 705 597 753; x_wconf 85' lang='lat' dir='ltr'>ego</span> <span class='ocrx_word' id='word_1_52' title='bbox 622 688 756 736; x_wconf 83' lang='lat' dir='ltr'>abivi</span> <span class='ocrx_word' id='word_1_53' title='bbox 782 694 834 735; x_wconf 90' lang='lat' dir='ltr'>et</span> <span class='ocrx_word' id='word_1_54' title='bbox 860 688 1082 752; x_wconf 82' lang='lat' dir='ltr'>cogitavi</span> <span class='ocrx_word' id='word_1_55' title='bbox 1112 689 1341 753; x_wconf 87' lang='lat' dir='ltr'>desuper.</span> <span class='ocrx_word' id='word_1_56' title='bbox 1414 688 1489 736; x_wconf 77' lang='lat' dir='ltr'>Et</span> <span class='ocrx_word' id='word_1_57' title='bbox 1525 705 1614 752; x_wconf 92' lang='lat' dir='ltr'>per</span> <span class='ocrx_word' id='word_1_58' title='bbox 1649 689 1819 743; x_wconf 76' lang='lat' dir='ltr'>deum,</span> 
     </span>
     <span class='ocr_line' id='line_1_8' title="bbox 226 755 1822 820; baseline -0.001 -16"><span class='ocrx_word' id='word_1_59' title='bbox 226 758 301 805; x_wconf 90' lang='lat' dir='ltr'>M.</span> <span class='ocrx_word' id='word_1_60' title='bbox 358 756 592 813; x_wconf 85' lang='lat' dir='ltr'>Ortvine,</span> <span class='ocrx_word' id='word_1_61' title='bbox 639 771 735 820; x_wconf 87' lang='lat' dir='ltr'>ego</span> <span class='ocrx_word' id='word_1_62' title='bbox 794 772 908 802; x_wconf 92' lang='lat' dir='ltr'>sum</span> <span class='ocrx_word' id='word_1_63' title='bbox 968 755 1193 804; x_wconf 89' lang='lat' dir='ltr'>multum</span> <span class='ocrx_word' id='word_1_64' title='bbox 1250 756 1491 804; x_wconf 89' lang='lat' dir='ltr'>turbatus</span> <span class='ocrx_word' id='word_1_65' title='bbox 1549 761 1601 802; x_wconf 88' lang='lat' dir='ltr'>et</span> <span class='ocrx_word' id='word_1_66' title='bbox 1653 756 1822 802; x_wconf 91' lang='lat' dir='ltr'>nescio</span> 
     </span>
     <span class='ocr_line' id='line_1_9' title="bbox 225 823 1824 887; baseline -0.001 -16"><span class='ocrx_word' id='word_1_67' title='bbox 225 824 487 887; x_wconf 91' lang='lat' dir='ltr'>quomodo</span> <span class='ocrx_word' id='word_1_68' title='bbox 534 823 696 871; x_wconf 89' lang='lat' dir='ltr'>debeo</span> <span class='ocrx_word' id='word_1_69' title='bbox 738 839 820 870; x_wconf 92' lang='lat' dir='ltr'>me</span> <span class='ocrx_word' id='word_1_70' title='bbox 862 839 1050 887; x_wconf 85' lang='lat' dir='ltr'>regere.</span> <span class='ocrx_word' id='word_1_71' title='bbox 1135 823 1188 870; x_wconf 91' lang='lat' dir='ltr'>Si</span> <span class='ocrx_word' id='word_1_72' title='bbox 1227 823 1411 870; x_wconf 90' lang='lat' dir='ltr'>vellem</span> <span class='ocrx_word' id='word_1_73' title='bbox 1452 823 1670 870; x_wconf 81' lang='lat' dir='ltr'>libenter</span> <span class='ocrx_word' id='word_1_74' title='bbox 1704 838 1824 869; x_wconf 90' lang='lat' dir='ltr'>con—</span> 
     </span>
     <span class='ocr_line' id='line_1_10' title="bbox 225 889 1822 954; baseline -0.001 -16"><span class='ocrx_word' id='word_1_75' title='bbox 225 890 394 938; x_wconf 84' lang='lat' dir='ltr'>silium</span> <span class='ocrx_word' id='word_1_76' title='bbox 418 907 660 954; x_wconf 86' lang='lat' dir='ltr'>quaerere</span> <span class='ocrx_word' id='word_1_77' title='bbox 689 890 753 938; x_wconf 92' lang='lat' dir='ltr'>ab</span> <span class='ocrx_word' id='word_1_78' title='bbox 790 907 894 937; x_wconf 92' lang='lat' dir='ltr'>uno</span> <span class='ocrx_word' id='word_1_79' title='bbox 927 890 1218 946; x_wconf 68' lang='lat' dir='ltr'>Curffisano,</span> <span class='ocrx_word' id='word_1_80' title='bbox 1242 896 1368 938; x_wconf 91' lang='lat' dir='ltr'>tunc</span> <span class='ocrx_word' id='word_1_81' title='bbox 1405 889 1507 937; x_wconf 89' lang='lat' dir='ltr'>scio</span> <span class='ocrx_word' id='word_1_82' title='bbox 1542 889 1682 953; x_wconf 91' lang='lat' dir='ltr'>quod</span> <span class='ocrx_word' id='word_1_83' title='bbox 1718 905 1822 936; x_wconf 91' lang='lat' dir='ltr'>non</span> 
     </span>
     <span class='ocr_line' id='line_1_11' title="bbox 224 956 1822 1020; baseline -0.001 -15"><span class='ocrx_word' id='word_1_84' title='bbox 224 958 416 1006; x_wconf 86' lang='lat' dir='ltr'>habent</span> <span class='ocrx_word' id='word_1_85' title='bbox 450 959 606 1005; x_wconf 87' lang='lat' dir='ltr'>bonas</span> <span class='ocrx_word' id='word_1_86' title='bbox 649 957 1012 1005; x_wconf 84' lang='lat' dir='ltr'>Conscientias.</span> <span class='ocrx_word' id='word_1_87' title='bbox 1100 957 1320 1005; x_wconf 89' lang='lat' dir='ltr'>Videtur</span> <span class='ocrx_word' id='word_1_88' title='bbox 1355 957 1478 1005; x_wconf 90' lang='lat' dir='ltr'>mihi</span> <span class='ocrx_word' id='word_1_89' title='bbox 1514 956 1655 1020; x_wconf 92' lang='lat' dir='ltr'>quod</span> <span class='ocrx_word' id='word_1_90' title='bbox 1695 956 1822 1004; x_wconf 83' lang='lat' dir='ltr'>istae</span> 
     </span>
     <span class='ocr_line' id='line_1_12' title="bbox 226 1023 1820 1089; baseline -0.001 -17"><span class='ocrx_word' id='word_1_91' title='bbox 226 1026 434 1073; x_wconf 88' lang='lat' dir='ltr'>iuvenes</span> <span class='ocrx_word' id='word_1_92' title='bbox 469 1025 688 1089; x_wconf 86' lang='lat' dir='ltr'>gallinae</span> <span class='ocrx_word' id='word_1_93' title='bbox 725 1024 777 1071; x_wconf 89' lang='lat' dir='ltr'>in</span> <span class='ocrx_word' id='word_1_94' title='bbox 813 1025 921 1072; x_wconf 88' lang='lat' dir='ltr'>ovis</span> <span class='ocrx_word' id='word_1_95' title='bbox 958 1031 1077 1073; x_wconf 90' lang='lat' dir='ltr'>sunt</span> <span class='ocrx_word' id='word_1_96' title='bbox 1115 1041 1318 1073; x_wconf 85' lang='lat' dir='ltr'>carnes:</span> <span class='ocrx_word' id='word_1_97' title='bbox 1354 1024 1475 1088; x_wconf 89' lang='lat' dir='ltr'>quia</span> <span class='ocrx_word' id='word_1_98' title='bbox 1507 1023 1720 1073; x_wconf 87' lang='lat' dir='ltr'>materia</span> <span class='ocrx_word' id='word_1_99' title='bbox 1744 1029 1820 1071; x_wconf 89' lang='lat' dir='ltr'>est</span> 
     </span>
     <span class='ocr_line' id='line_1_13' title="bbox 226 1091 1820 1156; baseline -0.001 -16"><span class='ocrx_word' id='word_1_100' title='bbox 226 1094 327 1140; x_wconf 88' lang='lat' dir='ltr'>iam</span> <span class='ocrx_word' id='word_1_101' title='bbox 352 1093 572 1140; x_wconf 86' lang='lat' dir='ltr'>formata</span> <span class='ocrx_word' id='word_1_102' title='bbox 597 1098 649 1140; x_wconf 91' lang='lat' dir='ltr'>et</span> <span class='ocrx_word' id='word_1_103' title='bbox 674 1092 893 1156; x_wconf 86' lang='lat' dir='ltr'>figurata</span> <span class='ocrx_word' id='word_1_104' title='bbox 918 1093 969 1140; x_wconf 90' lang='lat' dir='ltr'>in</span> <span class='ocrx_word' id='word_1_105' title='bbox 999 1092 1229 1140; x_wconf 88' lang='lat' dir='ltr'>membra</span> <span class='ocrx_word' id='word_1_106' title='bbox 1264 1098 1316 1140; x_wconf 93' lang='lat' dir='ltr'>et</span> <span class='ocrx_word' id='word_1_107' title='bbox 1353 1108 1535 1156; x_wconf 85' lang='lat' dir='ltr'>corpus</span> <span class='ocrx_word' id='word_1_108' title='bbox 1571 1091 1820 1146; x_wconf 89' lang='lat' dir='ltr'>animalis,</span> 
     </span>
     <span class='ocr_line' id='line_1_14' title="bbox 225 1158 1821 1208; baseline -0.001 -1"><span class='ocrx_word' id='word_1_109' title='bbox 225 1167 277 1207; x_wconf 90' lang='lat' dir='ltr'>et</span> <span class='ocrx_word' id='word_1_110' title='bbox 303 1160 458 1207; x_wconf 90' lang='lat' dir='ltr'>habet</span> <span class='ocrx_word' id='word_1_111' title='bbox 494 1160 719 1207; x_wconf 89' lang='lat' dir='ltr'>animam</span> <span class='ocrx_word' id='word_1_112' title='bbox 750 1159 974 1208; x_wconf 85' lang='lat' dir='ltr'>vitalem.</span> <span class='ocrx_word' id='word_1_113' title='bbox 1047 1160 1211 1208; x_wconf 89' lang='lat' dir='ltr'>Aliud</span> <span class='ocrx_word' id='word_1_114' title='bbox 1254 1166 1331 1208; x_wconf 90' lang='lat' dir='ltr'>est</span> <span class='ocrx_word' id='word_1_115' title='bbox 1370 1159 1434 1207; x_wconf 91' lang='lat' dir='ltr'>de</span> <span class='ocrx_word' id='word_1_116' title='bbox 1475 1159 1731 1207; x_wconf 81' lang='lat' dir='ltr'>vermibus</span> <span class='ocrx_word' id='word_1_117' title='bbox 1768 1158 1821 1205; x_wconf 89' lang='lat' dir='ltr'>in</span> 
     </span>
     <span class='ocr_line' id='line_1_15' title="bbox 226 1225 1821 1291; baseline -0.002 -17"><span class='ocrx_word' id='word_1_118' title='bbox 226 1227 380 1275; x_wconf 82' lang='lat' dir='ltr'>caseis</span> <span class='ocrx_word' id='word_1_119' title='bbox 423 1233 475 1274; x_wconf 91' lang='lat' dir='ltr'>et</span> <span class='ocrx_word' id='word_1_120' title='bbox 518 1227 653 1275; x_wconf 77' lang='lat' dir='ltr'>aliis:</span> <span class='ocrx_word' id='word_1_121' title='bbox 703 1226 823 1290; x_wconf 92' lang='lat' dir='ltr'>quia</span> <span class='ocrx_word' id='word_1_122' title='bbox 862 1243 1059 1275; x_wconf 81' lang='lat' dir='ltr'>vermes</span> <span class='ocrx_word' id='word_1_123' title='bbox 1107 1232 1413 1291; x_wconf 88' lang='lat' dir='ltr'>reputantur</span> <span class='ocrx_word' id='word_1_124' title='bbox 1453 1243 1545 1291; x_wconf 88' lang='lat' dir='ltr'>pro</span> <span class='ocrx_word' id='word_1_125' title='bbox 1582 1225 1821 1291; x_wconf 81' lang='lat' dir='ltr'>piscibus,</span> 
     </span>
     <span class='ocr_line' id='line_1_16' title="bbox 224 1293 1822 1358; baseline -0.001 -17"><span class='ocrx_word' id='word_1_126' title='bbox 224 1295 357 1342; x_wconf 87' lang='lat' dir='ltr'>sicut</span> <span class='ocrx_word' id='word_1_127' title='bbox 394 1311 491 1358; x_wconf 84' lang='lat' dir='ltr'>ego</span> <span class='ocrx_word' id='word_1_128' title='bbox 529 1293 700 1341; x_wconf 88' lang='lat' dir='ltr'>audivi</span> <span class='ocrx_word' id='word_1_129' title='bbox 740 1294 803 1340; x_wconf 85' lang='lat' dir='ltr'>ab</span> <span class='ocrx_word' id='word_1_130' title='bbox 841 1311 945 1341; x_wconf 91' lang='lat' dir='ltr'>uno</span> <span class='ocrx_word' id='word_1_131' title='bbox 983 1294 1184 1342; x_wconf 91' lang='lat' dir='ltr'>medico</span> <span class='ocrx_word' id='word_1_132' title='bbox 1225 1294 1313 1357; x_wconf 90' lang='lat' dir='ltr'>qui</span> <span class='ocrx_word' id='word_1_133' title='bbox 1352 1300 1429 1341; x_wconf 87' lang='lat' dir='ltr'>est</span> <span class='ocrx_word' id='word_1_134' title='bbox 1467 1294 1615 1341; x_wconf 88' lang='lat' dir='ltr'>valde</span> <span class='ocrx_word' id='word_1_135' title='bbox 1659 1293 1822 1340; x_wconf 92' lang='lat' dir='ltr'>bonus</span> 
     </span>
     <span class='ocr_line' id='line_1_17' title="bbox 225 1360 1821 1425; baseline -0.001 -17"><span class='ocrx_word' id='word_1_136' title='bbox 225 1361 474 1409; x_wconf 89' lang='lat' dir='ltr'>Phisicus.</span> <span class='ocrx_word' id='word_1_137' title='bbox 548 1362 689 1425; x_wconf 83' lang='lat' dir='ltr'>Ergo</span> <span class='ocrx_word' id='word_1_138' title='bbox 714 1377 839 1424; x_wconf 85' lang='lat' dir='ltr'>rogo</span> <span class='ocrx_word' id='word_1_139' title='bbox 865 1378 954 1408; x_wconf 88' lang='lat' dir='ltr'>vos</span> <span class='ocrx_word' id='word_1_140' title='bbox 984 1362 1213 1409; x_wconf 91' lang='lat' dir='ltr'>multum</span> <span class='ocrx_word' id='word_1_141' title='bbox 1247 1360 1535 1409; x_wconf 84' lang='lat' dir='ltr'>cordialiter</span> <span class='ocrx_word' id='word_1_142' title='bbox 1565 1366 1821 1424; x_wconf 87' lang='lat' dir='ltr'>quatenus</span> 
     </span>
     <span class='ocr_line' id='line_1_18' title="bbox 225 1427 1818 1493; baseline 0 -18"><span class='ocrx_word' id='word_1_143' title='bbox 225 1428 390 1476; x_wconf 81' lang='lat' dir='ltr'>velitis</span> <span class='ocrx_word' id='word_1_144' title='bbox 438 1428 562 1475; x_wconf 91' lang='lat' dir='ltr'>mihi</span> <span class='ocrx_word' id='word_1_145' title='bbox 610 1429 914 1492; x_wconf 91' lang='lat' dir='ltr'>respondere</span> <span class='ocrx_word' id='word_1_146' title='bbox 968 1429 1032 1475; x_wconf 90' lang='lat' dir='ltr'>ad</span> <span class='ocrx_word' id='word_1_147' title='bbox 1090 1427 1405 1493; x_wconf 84' lang='lat' dir='ltr'>propositam</span> <span class='ocrx_word' id='word_1_148' title='bbox 1451 1427 1818 1491; x_wconf 89' lang='lat' dir='ltr'>quaestionem.</span> 
     </span>
     <span class='ocr_line' id='line_1_19' title="bbox 226 1495 1821 1560; baseline -0.001 -17"><span class='ocrx_word' id='word_1_149' title='bbox 226 1496 365 1552; x_wconf 79' lang='lat' dir='ltr'>Quia</span> <span class='ocrx_word' id='word_1_150' title='bbox 389 1496 428 1543; x_wconf 83' lang='lat' dir='ltr'>si</span> <span class='ocrx_word' id='word_1_151' title='bbox 457 1496 644 1544; x_wconf 88' lang='lat' dir='ltr'>tenetis</span> <span class='ocrx_word' id='word_1_152' title='bbox 673 1495 814 1559; x_wconf 91' lang='lat' dir='ltr'>quod</span> <span class='ocrx_word' id='word_1_153' title='bbox 848 1502 926 1543; x_wconf 89' lang='lat' dir='ltr'>est</span> <span class='ocrx_word' id='word_1_154' title='bbox 958 1502 1230 1560; x_wconf 88' lang='lat' dir='ltr'>peccatum</span> <span class='ocrx_word' id='word_1_155' title='bbox 1269 1496 1515 1551; x_wconf 82' lang='lat' dir='ltr'>mortale3</span> <span class='ocrx_word' id='word_1_156' title='bbox 1551 1501 1678 1542; x_wconf 90' lang='lat' dir='ltr'>tunc</span> <span class='ocrx_word' id='word_1_157' title='bbox 1704 1495 1821 1543; x_wconf 82' lang='lat' dir='ltr'>volo</span> 
     </span>
     <span class='ocr_line' id='line_1_20' title="bbox 224 1562 1821 1626; baseline -0.001 -16"><span class='ocrx_word' id='word_1_158' title='bbox 224 1563 305 1610; x_wconf 92' lang='lat' dir='ltr'>hic</span> <span class='ocrx_word' id='word_1_159' title='bbox 348 1563 605 1626; x_wconf 86' lang='lat' dir='ltr'>acquirere</span> <span class='ocrx_word' id='word_1_160' title='bbox 646 1579 803 1610; x_wconf 90' lang='lat' dir='ltr'>unam</span> <span class='ocrx_word' id='word_1_161' title='bbox 846 1562 1223 1610; x_wconf 82' lang='lat' dir='ltr'>absolutionem</span> <span class='ocrx_word' id='word_1_162' title='bbox 1263 1569 1541 1626; x_wconf 87' lang='lat' dir='ltr'>antequam</span> <span class='ocrx_word' id='word_1_163' title='bbox 1584 1562 1716 1609; x_wconf 87' lang='lat' dir='ltr'>vado</span> <span class='ocrx_word' id='word_1_164' title='bbox 1758 1563 1821 1609; x_wconf 89' lang='lat' dir='ltr'>ad</span> 
     </span>
     <span class='ocr_line' id='line_1_21' title="bbox 223 1629 1820 1693; baseline 0.001 -16"><span class='ocrx_word' id='word_1_165' title='bbox 223 1631 539 1678; x_wconf 85' lang='lat' dir='ltr'>Almaniam.</span> <span class='ocrx_word' id='word_1_166' title='bbox 614 1629 791 1677; x_wconf 90' lang='lat' dir='ltr'>Etiam</span> <span class='ocrx_word' id='word_1_167' title='bbox 827 1630 1024 1677; x_wconf 91' lang='lat' dir='ltr'>debetis</span> <span class='ocrx_word' id='word_1_168' title='bbox 1061 1630 1184 1678; x_wconf 89' lang='lat' dir='ltr'>scire</span> <span class='ocrx_word' id='word_1_169' title='bbox 1222 1631 1361 1693; x_wconf 92' lang='lat' dir='ltr'>quod</span> <span class='ocrx_word' id='word_1_170' title='bbox 1395 1631 1470 1678; x_wconf 88' lang='lat' dir='ltr'>M.</span> <span class='ocrx_word' id='word_1_171' title='bbox 1508 1631 1572 1677; x_wconf 89' lang='lat' dir='ltr'>N.</span> <span class='ocrx_word' id='word_1_172' title='bbox 1603 1630 1820 1678; x_wconf 87' lang='lat' dir='ltr'>Iacobus</span> 
     </span>
     <span class='ocr_line' id='line_1_22' title="bbox 222 1697 1820 1760; baseline -0.001 -15"><span class='ocrx_word' id='word_1_173' title='bbox 222 1698 286 1745; x_wconf 93' lang='lat' dir='ltr'>de</span> <span class='ocrx_word' id='word_1_174' title='bbox 317 1697 673 1745; x_wconf 88' lang='lat' dir='ltr'>Hochstraten</span> <span class='ocrx_word' id='word_1_175' title='bbox 708 1697 978 1760; x_wconf 81' lang='lat' dir='ltr'>acquisivit</span> <span class='ocrx_word' id='word_1_176' title='bbox 1010 1697 1150 1745; x_wconf 87' lang='lat' dir='ltr'>mille</span> <span class='ocrx_word' id='word_1_177' title='bbox 1183 1697 1402 1745; x_wconf 87' lang='lat' dir='ltr'>florenos</span> <span class='ocrx_word' id='word_1_178' title='bbox 1439 1714 1501 1745; x_wconf 86' lang='lat' dir='ltr'>ex</span> <span class='ocrx_word' id='word_1_179' title='bbox 1539 1698 1733 1752; x_wconf 85' lang='lat' dir='ltr'>banco;</span> <span class='ocrx_word' id='word_1_180' title='bbox 1769 1704 1820 1744; x_wconf 90' lang='lat' dir='ltr'>et</span> 
     </span>
     <span class='ocr_line' id='line_1_23' title="bbox 223 1764 1822 1828; baseline -0.001 -16"><span class='ocrx_word' id='word_1_181' title='bbox 223 1765 373 1812; x_wconf 91' lang='lat' dir='ltr'>credo</span> <span class='ocrx_word' id='word_1_182' title='bbox 428 1765 568 1828; x_wconf 92' lang='lat' dir='ltr'>quod</span> <span class='ocrx_word' id='word_1_183' title='bbox 617 1764 835 1812; x_wconf 87' lang='lat' dir='ltr'>lucrabit</span> <span class='ocrx_word' id='word_1_184' title='bbox 887 1781 1110 1821; x_wconf 86' lang='lat' dir='ltr'>causam,</span> <span class='ocrx_word' id='word_1_185' title='bbox 1159 1771 1211 1812; x_wconf 92' lang='lat' dir='ltr'>et</span> <span class='ocrx_word' id='word_1_186' title='bbox 1260 1764 1491 1812; x_wconf 89' lang='lat' dir='ltr'>diabolus</span> <span class='ocrx_word' id='word_1_187' title='bbox 1540 1764 1822 1812; x_wconf 86' lang='lat' dir='ltr'>confundet</span> 
     </span>
     <span class='ocr_line' id='line_1_24' title="bbox 220 1832 1821 1896; baseline -0.001 -16"><span class='ocrx_word' id='word_1_188' title='bbox 220 1832 368 1880; x_wconf 92' lang='lat' dir='ltr'>illum</span> <span class='ocrx_word' id='word_1_189' title='bbox 396 1833 469 1879; x_wconf 91' lang='lat' dir='ltr'>Io.</span> <span class='ocrx_word' id='word_1_190' title='bbox 500 1833 563 1879; x_wconf 84' lang='lat' dir='ltr'>R.</span> <span class='ocrx_word' id='word_1_191' title='bbox 593 1838 645 1879; x_wconf 92' lang='lat' dir='ltr'>et</span> <span class='ocrx_word' id='word_1_192' title='bbox 670 1832 793 1879; x_wconf 89' lang='lat' dir='ltr'>alios</span> <span class='ocrx_word' id='word_1_193' title='bbox 818 1838 995 1896; x_wconf 91' lang='lat' dir='ltr'>poetas</span> <span class='ocrx_word' id='word_1_194' title='bbox 1028 1839 1080 1880; x_wconf 91' lang='lat' dir='ltr'>et</span> <span class='ocrx_word' id='word_1_195' title='bbox 1106 1832 1320 1888; x_wconf 86' lang='lat' dir='ltr'>iuristas,</span> <span class='ocrx_word' id='word_1_196' title='bbox 1347 1832 1466 1896; x_wconf 88' lang='lat' dir='ltr'>quia</span> <span class='ocrx_word' id='word_1_197' title='bbox 1492 1832 1677 1879; x_wconf 90' lang='lat' dir='ltr'>volunt</span> <span class='ocrx_word' id='word_1_198' title='bbox 1714 1847 1821 1879; x_wconf 90' lang='lat' dir='ltr'>esse</span> 
     </span>
     <span class='ocr_line' id='line_1_25' title="bbox 221 1898 1821 1963; baseline -0.001 -15"><span class='ocrx_word' id='word_1_199' title='bbox 221 1906 401 1948; x_wconf 87' lang='lat' dir='ltr'>contra</span> <span class='ocrx_word' id='word_1_200' title='bbox 460 1898 726 1947; x_wconf 86' lang='lat' dir='ltr'>ecclesiam</span> <span class='ocrx_word' id='word_1_201' title='bbox 784 1899 879 1947; x_wconf 91' lang='lat' dir='ltr'>dei.</span> <span class='ocrx_word' id='word_1_202' title='bbox 972 1900 1115 1948; x_wconf 90' lang='lat' dir='ltr'>Idest</span> <span class='ocrx_word' id='word_1_203' title='bbox 1171 1906 1352 1947; x_wconf 88' lang='lat' dir='ltr'>contra</span> <span class='ocrx_word' id='word_1_204' title='bbox 1410 1899 1719 1963; x_wconf 86' lang='lat' dir='ltr'>Theologos,</span> <span class='ocrx_word' id='word_1_205' title='bbox 1768 1898 1821 1946; x_wconf 92' lang='lat' dir='ltr'>in</span> 
     </span>
     <span class='ocr_line' id='line_1_26' title="bbox 219 1966 1820 2031; baseline -0.001 -16"><span class='ocrx_word' id='word_1_206' title='bbox 219 1967 406 2031; x_wconf 88' lang='lat' dir='ltr'>quibus</span> <span class='ocrx_word' id='word_1_207' title='bbox 454 1973 530 2014; x_wconf 87' lang='lat' dir='ltr'>est</span> <span class='ocrx_word' id='word_1_208' title='bbox 578 1967 794 2013; x_wconf 82' lang='lat' dir='ltr'>fundata</span> <span class='ocrx_word' id='word_1_209' title='bbox 848 1967 1073 2023; x_wconf 84' lang='lat' dir='ltr'>ecclesia,</span> <span class='ocrx_word' id='word_1_210' title='bbox 1122 1973 1183 2014; x_wconf 89' lang='lat' dir='ltr'>ut</span> <span class='ocrx_word' id='word_1_211' title='bbox 1242 1967 1422 2014; x_wconf 86' lang='lat' dir='ltr'>cristus</span> <span class='ocrx_word' id='word_1_212' title='bbox 1469 1966 1629 2014; x_wconf 86' lang='lat' dir='ltr'>dixit:</span> <span class='ocrx_word' id='word_1_213' title='bbox 1691 1966 1820 2014; x_wconf 86' lang='lat' dir='ltr'>“Tu</span> 
     </span>
     <span class='ocr_line' id='line_1_27' title="bbox 219 2033 1819 2099; baseline -0.001 -17"><span class='ocrx_word' id='word_1_214' title='bbox 219 2043 296 2084; x_wconf 89' lang='lat' dir='ltr'>est</span> <span class='ocrx_word' id='word_1_215' title='bbox 333 2035 519 2082; x_wconf 91' lang='lat' dir='ltr'>Petrus</span> <span class='ocrx_word' id='word_1_216' title='bbox 554 2040 606 2081; x_wconf 90' lang='lat' dir='ltr'>et</span> <span class='ocrx_word' id='word_1_217' title='bbox 643 2050 794 2098; x_wconf 91' lang='lat' dir='ltr'>super</span> <span class='ocrx_word' id='word_1_218' title='bbox 831 2034 961 2082; x_wconf 89' lang='lat' dir='ltr'>hanc</span> <span class='ocrx_word' id='word_1_219' title='bbox 1000 2041 1201 2099; x_wconf 86' lang='lat' dir='ltr'>petram</span> <span class='ocrx_word' id='word_1_220' title='bbox 1237 2034 1516 2082; x_wconf 90' lang='lat' dir='ltr'>aedificabo</span> <span class='ocrx_word' id='word_1_221' title='bbox 1554 2033 1819 2081; x_wconf 88' lang='lat' dir='ltr'>ecclesiam</span> 
     </span>
     <span class='ocr_line' id='line_1_28' title="bbox 219 2101 1783 2151; baseline -0.001 -2"><span class='ocrx_word' id='word_1_222' title='bbox 219 2102 436 2151; x_wconf 87' lang='lat' dir='ltr'>meam.’&#39;</span> <span class='ocrx_word' id='word_1_223' title='bbox 505 2101 579 2148; x_wconf 91' lang='lat' dir='ltr'>Et</span> <span class='ocrx_word' id='word_1_224' title='bbox 604 2101 673 2148; x_wconf 92' lang='lat' dir='ltr'>sic</span> <span class='ocrx_word' id='word_1_225' title='bbox 699 2103 1007 2149; x_wconf 91' lang='lat' dir='ltr'>commendo</span> <span class='ocrx_word' id='word_1_226' title='bbox 1033 2118 1123 2150; x_wconf 84' lang='lat' dir='ltr'>vos</span> <span class='ocrx_word' id='word_1_227' title='bbox 1148 2101 1359 2149; x_wconf 88' lang='lat' dir='ltr'>domino</span> <span class='ocrx_word' id='word_1_228' title='bbox 1384 2102 1494 2150; x_wconf 94' lang='lat' dir='ltr'>deo.</span> <span class='ocrx_word' id='word_1_229' title='bbox 1589 2101 1783 2149; x_wconf 89' lang='lat' dir='ltr'>Valete.</span> 
     </span>
    </p>
   </div>
   <div class='ocr_carea' id='block_1_3' title="bbox 329 2186 837 2224">
    <p class='ocr_par' dir='ltr' id='par_1_3' title="bbox 329 2186 837 2224">
     <span class='ocr_line' id='line_1_29' title="bbox 329 2186 837 2224; baseline 0.002 -2"><span class='ocrx_word' id='word_1_230' title='bbox 329 2186 480 2223; x_wconf 87' lang='lat' dir='ltr'>Datum</span> <span class='ocrx_word' id='word_1_231' title='bbox 502 2188 542 2221; x_wconf 87' lang='lat' dir='ltr'>in</span> <span class='ocrx_word' id='word_1_232' title='bbox 567 2186 682 2222; x_wconf 76' lang='lat' dir='ltr'>URBE</span> <span class='ocrx_word' id='word_1_233' title='bbox 706 2186 837 2224; x_wconf 79' lang='lat' dir='ltr'>ROMA.</span> 
     </span>
    </p>
   </div>
   <div class='ocr_carea' id='block_1_4' title="bbox 219 2269 1818 2316">
    <p class='ocr_par' dir='ltr' id='par_1_4' title="bbox 219 2269 1818 2316">
     <span class='ocr_line' id='line_1_30' title="bbox 219 2269 1818 2316; baseline -0.003 -10"><span class='ocrx_word' id='word_1_234' title='bbox 219 2275 413 2316; x_wconf 82' lang='lat' dir='ltr'>opporteat</span> <span class='ocrx_word' id='word_1_235' title='bbox 454 2269 541 2303; x_wconf 91' lang='lat' dir='ltr'>ullis</span> <span class='ocrx_word' id='word_1_236' title='bbox 575 2271 730 2304; x_wconf 84' lang='lat' dir='ltr'>mortuis</span> <span class='ocrx_word' id='word_1_237' title='bbox 771 2271 985 2315; x_wconf 82' lang='lat' dir='ltr'>corporibus</span> <span class='ocrx_word' id='word_1_238' title='bbox 1053 2269 1144 2304; x_wconf 86' lang='lat' dir='ltr'>have</span> <span class='ocrx_word' id='word_1_239' title='bbox 1170 2269 1286 2315; x_wconf 85' lang='lat' dir='ltr'>lately</span> <span class='ocrx_word' id='word_1_240' title='bbox 1303 2275 1387 2304; x_wconf 86' lang='lat' dir='ltr'>sent</span> <span class='ocrx_word' id='word_1_241' title='bbox 1411 2270 1533 2304; x_wconf 81' lang='lat' dir='ltr'>Jakob</span> <span class='ocrx_word' id='word_1_242' title='bbox 1552 2270 1818 2311; x_wconf 80' lang='lat' dir='ltr'>Hochstraten,</span> 
     </span>
    </p>
   </div>
   <div class='ocr_carea' id='block_1_5' title="bbox 218 2317 1819 2516">
    <p class='ocr_par' dir='ltr' id='par_1_5' title="bbox 220 2317 1819 2410">
     <span class='ocr_line' id='line_1_31' title="bbox 220 2317 1818 2362; baseline -0.001 -11"><span class='ocrx_word' id='word_1_243' title='bbox 220 2318 349 2352; x_wconf 73' lang='lat' dir='ltr'>vesci.”</span> <span class='ocrx_word' id='word_1_244' title='bbox 423 2318 475 2352; x_wconf 82' lang='lat' dir='ltr'>St.</span> <span class='ocrx_word' id='word_1_245' title='bbox 509 2317 603 2361; x_wconf 83' lang='lat' dir='ltr'>Aug.</span> <span class='ocrx_word' id='word_1_246' title='bbox 609 2344 620 2360; x_wconf 83' lang='grc'>,</span> <span class='ocrx_word' id='word_1_247' title='bbox 662 2319 715 2351; x_wconf 81' lang='lat' dir='ltr'>De</span> <span class='ocrx_word' id='word_1_248' title='bbox 751 2319 963 2351; x_wconf 68' lang='lat' dir='ltr'>Ham-esibus</span> <span class='ocrx_word' id='word_1_249' title='bbox 973 2329 986 2360; x_wconf 78' lang='lat'>,⁸</span> <span class='ocrx_word' id='word_1_250' title='bbox 1051 2317 1215 2362; x_wconf 79' lang='lat' dir='ltr'>through</span> <span class='ocrx_word' id='word_1_251' title='bbox 1234 2318 1298 2352; x_wconf 89' lang='lat' dir='ltr'>the</span> <span class='ocrx_word' id='word_1_252' title='bbox 1317 2318 1475 2352; x_wconf 81' lang='lat' dir='ltr'>bankers</span> <span class='ocrx_word' id='word_1_253' title='bbox 1492 2322 1531 2351; x_wconf 90' lang='lat' dir='ltr'>at</span> <span class='ocrx_word' id='word_1_254' title='bbox 1549 2317 1678 2359; x_wconf 84' lang='lat' dir='ltr'>Rome,</span> <span class='ocrx_word' id='word_1_255' title='bbox 1691 2317 1818 2350; x_wconf 84' lang='lat' dir='ltr'>fifteen</span> 
     </span>
     <span class='ocr_line' id='line_1_32' title="bbox 220 2363 1819 2410; baseline -0.002 -11"><span class='ocrx_word' id='word_1_256' title='bbox 220 2366 362 2410; x_wconf 79' lang='lat' dir='ltr'>Migne,</span> <span class='ocrx_word' id='word_1_257' title='bbox 383 2366 529 2407; x_wconf 59' lang='lat' dir='ltr'>Patrol„</span> <span class='ocrx_word' id='word_1_258' title='bbox 549 2363 618 2399; x_wconf 86' lang='lat' dir='ltr'>vol.</span> <span class='ocrx_word' id='word_1_259' title='bbox 640 2364 716 2398; x_wconf 87' lang='lat' dir='ltr'>xlii.</span> <span class='ocrx_word' id='word_1_260' title='bbox 740 2376 773 2410; x_wconf 93' lang='lat' dir='ltr'>p.</span> <span class='ocrx_word' id='word_1_261' title='bbox 794 2364 848 2399; x_wconf 86' lang='lat'>37.</span> <span class='ocrx_word' id='word_1_262' title='bbox 1052 2365 1223 2399; x_wconf 87' lang='lat' dir='ltr'>hundred</span> <span class='ocrx_word' id='word_1_263' title='bbox 1260 2369 1516 2399; x_wconf 86' lang='lat' dir='ltr'>crowns—not</span> <span class='ocrx_word' id='word_1_264' title='bbox 1549 2364 1606 2398; x_wconf 91' lang='lat' dir='ltr'>for</span> <span class='ocrx_word' id='word_1_265' title='bbox 1638 2365 1819 2397; x_wconf 89' lang='lat' dir='ltr'>mainten-</span> 
     </span>
    </p>

    <p class='ocr_par' dir='ltr' id='par_1_6' title="bbox 218 2409 1819 2516">
     <span class='ocr_line' id='line_1_33' title="bbox 267 2409 1819 2467; baseline -0.002 -21"><span class='ocrx_word' id='word_1_266' title='bbox 267 2422 293 2441; x_wconf 74' lang='lat'>2⁹</span> <span class='ocrx_word' id='word_1_267' title='bbox 319 2425 409 2467; x_wconf 32' lang='lat' dir='ltr'>[Ul-927·</span> <span class='ocrx_word' id='word_1_268' title='bbox 448 2426 592 2465; x_wconf 67' lang='lat' dir='ltr'>Apost.:</span> <span class='ocrx_word' id='word_1_269' title='bbox 632 2422 696 2456; x_wconf 64' lang='lat' dir='ltr'>the</span> <span class='ocrx_word' id='word_1_270' title='bbox 738 2422 827 2459; x_wconf 68' lang='lat' dir='ltr'>davs</span> <span class='ocrx_word' id='word_1_271' title='bbox 859 2422 985 2456; x_wconf 69' lang='lat' dir='ltr'><strong>before</strong></span> <span class='ocrx_word' id='word_1_272' title='bbox 1051 2424 1155 2453; x_wconf 84' lang='lat' dir='ltr'>auce,</span> <span class='ocrx_word' id='word_1_273' title='bbox 1183 2412 1240 2446; x_wconf 91' lang='lat' dir='ltr'>for</span> <span class='ocrx_word' id='word_1_274' title='bbox 1266 2412 1397 2446; x_wconf 88' lang='lat' dir='ltr'>monks</span> <span class='ocrx_word' id='word_1_275' title='bbox 1422 2411 1555 2446; x_wconf 85' lang='lat' dir='ltr'>should</span> <span class='ocrx_word' id='word_1_276' title='bbox 1583 2412 1625 2444; x_wconf 92' lang='lat' dir='ltr'>be</span> <span class='ocrx_word' id='word_1_277' title='bbox 1651 2409 1819 2455; x_wconf 64' lang='lat' dir='ltr'>frugal—</span> 
     </span>
     <span class='ocr_line' id='line_1_34' title="bbox 218 2458 1819 2516; baseline -0.002 -22"><span class='ocrx_word' id='word_1_278' title='bbox 218 2470 409 2516; x_wconf 65' lang='lat' dir='ltr'>Apogtofic</span> <span class='ocrx_word' id='word_1_279' title='bbox 428 2470 564 2503; x_wconf 62' lang='lat' dir='ltr'>Feast3‚</span> <span class='ocrx_word' id='word_1_280' title='bbox 787 2460 796 2467; x_wconf 82' lang='lat'>&#39;</span> <span class='ocrx_word' id='word_1_281' title='bbox 1051 2463 1119 2493; x_wconf 80' lang='lat' dir='ltr'>not</span> <span class='ocrx_word' id='word_1_282' title='bbox 1143 2460 1200 2493; x_wconf 88' lang='lat' dir='ltr'>for</span> <span class='ocrx_word' id='word_1_283' title='bbox 1227 2471 1419 2504; x_wconf 78' lang='lat' dir='ltr'>necessary</span> <span class='ocrx_word' id='word_1_284' title='bbox 1436 2458 1533 2504; x_wconf 84' lang='lat' dir='ltr'>legal</span> <span class='ocrx_word' id='word_1_285' title='bbox 1552 2469 1742 2503; x_wconf 72' lang='lat' dir='ltr'>expensos,</span> <span class='ocrx_word' id='word_1_286' title='bbox 1762 2458 1819 2491; x_wconf 88' lang='lat' dir='ltr'>for</span> 
     </span>
    </p>
   </div>
   <div class='ocr_carea' id='block_1_6' title="bbox 1051 2506 1818 2783">
    <p class='ocr_par' dir='ltr' id='par_1_7' title="bbox 1051 2506 1818 2783">
     <span class='ocr_line' id='line_1_35' title="bbox 1051 2506 1818 2549; baseline -0.004 -9"><span class='ocrx_word' id='word_1_287' title='bbox 1051 2506 1171 2549; x_wconf 78' lang='lat' dir='ltr'>these,</span> <span class='ocrx_word' id='word_1_288' title='bbox 1203 2507 1218 2540; x_wconf 93' lang='lat' dir='ltr'>I</span> <span class='ocrx_word' id='word_1_289' title='bbox 1249 2506 1373 2549; x_wconf 81' lang='lat' dir='ltr'>think,</span> <span class='ocrx_word' id='word_1_290' title='bbox 1404 2506 1525 2540; x_wconf 89' lang='lat' dir='ltr'>would</span> <span class='ocrx_word' id='word_1_291' title='bbox 1551 2509 1706 2538; x_wconf 84' lang='lat' dir='ltr'>amount</span> <span class='ocrx_word' id='word_1_292' title='bbox 1732 2509 1771 2538; x_wconf 91' lang='lat' dir='ltr'>to</span> <span class='ocrx_word' id='word_1_293' title='bbox 1798 2516 1818 2537; x_wconf 88' lang='lat' dir='ltr'>a</span> 
     </span>
     <span class='ocr_line' id='line_1_36' title="bbox 1053 2551 1818 2596; baseline -0.004 -9"><span class='ocrx_word' id='word_1_294' title='bbox 1053 2553 1163 2587; x_wconf 88' lang='lat' dir='ltr'>much</span> <span class='ocrx_word' id='word_1_295' title='bbox 1197 2553 1347 2587; x_wconf 83' lang='lat' dir='ltr'>smaller</span> <span class='ocrx_word' id='word_1_296' title='bbox 1375 2553 1574 2587; x_wconf 89' lang='lat' dir='ltr'>sum—but</span> <span class='ocrx_word' id='word_1_297' title='bbox 1603 2552 1619 2585; x_wconf 88' lang='grc' dir='ltr'>Ι</span> <span class='ocrx_word' id='word_1_298' title='bbox 1649 2551 1818 2596; x_wconf 83' lang='lat' dir='ltr'>strongly</span> 
     </span>
     <span class='ocr_line' id='line_1_37' title="bbox 1053 2597 1818 2646; baseline -0.003 -13"><span class='ocrx_word' id='word_1_299' title='bbox 1053 2605 1200 2646; x_wconf 80' lang='lat' dir='ltr'>suspect</span> <span class='ocrx_word' id='word_1_300' title='bbox 1232 2600 1318 2644; x_wconf 83' lang='lat' dir='ltr'>(bad</span> <span class='ocrx_word' id='word_1_301' title='bbox 1359 2599 1447 2633; x_wconf 87' lang='lat' dir='ltr'>luck</span> <span class='ocrx_word' id='word_1_302' title='bbox 1488 2604 1527 2633; x_wconf 92' lang='lat' dir='ltr'>to</span> <span class='ocrx_word' id='word_1_303' title='bbox 1567 2599 1670 2633; x_wconf 89' lang='lat' dir='ltr'>them</span> <span class='ocrx_word' id='word_1_304' title='bbox 1690 2597 1726 2642; x_wconf 73' lang='grc' dir='ltr'>Ι),</span> <span class='ocrx_word' id='word_1_305' title='bbox 1761 2598 1818 2632; x_wconf 88' lang='lat' dir='ltr'>for</span> 
     </span>
     <span class='ocr_line' id='line_1_38' title="bbox 1054 2645 1818 2692; baseline -0.004 -11"><span class='ocrx_word' id='word_1_306' title='bbox 1054 2659 1230 2692; x_wconf 85' lang='lat' dir='ltr'>purposes</span> <span class='ocrx_word' id='word_1_307' title='bbox 1256 2648 1298 2681; x_wconf 85' lang='lat' dir='ltr'>of</span> <span class='ocrx_word' id='word_1_308' title='bbox 1319 2647 1493 2691; x_wconf 84' lang='lat' dir='ltr'>bribery3</span> <span class='ocrx_word' id='word_1_309' title='bbox 1525 2650 1564 2680; x_wconf 84' lang='lat' dir='ltr'>to</span> <span class='ocrx_word' id='word_1_310' title='bbox 1594 2646 1733 2687; x_wconf 81' lang='lat' dir='ltr'>obtain,</span> <span class='ocrx_word' id='word_1_311' title='bbox 1760 2645 1818 2679; x_wconf 87' lang='lat' dir='ltr'>for</span> 
     </span>
     <span class='ocr_line' id='line_1_39' title="bbox 1051 2691 1818 2738; baseline -0.004 -10"><span class='ocrx_word' id='word_1_312' title='bbox 1051 2694 1153 2738; x_wconf 70' lang='lat' dir='ltr'>gold,</span> <span class='ocrx_word' id='word_1_313' title='bbox 1173 2699 1275 2729; x_wconf 88' lang='lat' dir='ltr'>votes</span> <span class='ocrx_word' id='word_1_314' title='bbox 1291 2694 1373 2728; x_wconf 88' lang='lat' dir='ltr'>that</span> <span class='ocrx_word' id='word_1_315' title='bbox 1390 2693 1481 2738; x_wconf 84' lang='lat' dir='ltr'>they</span> <span class='ocrx_word' id='word_1_316' title='bbox 1497 2691 1605 2726; x_wconf 85' lang='lat' dir='ltr'>could</span> <span class='ocrx_word' id='word_1_317' title='bbox 1632 2697 1698 2726; x_wconf 89' lang='lat' dir='ltr'>not</span> <span class='ocrx_word' id='word_1_318' title='bbox 1723 2693 1818 2737; x_wconf 89' lang='lat' dir='ltr'>hope</span> 
     </span>
     <span class='ocr_line' id='line_1_40' title="bbox 1052 2739 1676 2783; baseline -0.003 -9"><span class='ocrx_word' id='word_1_319' title='bbox 1052 2742 1110 2775; x_wconf 91' lang='lat' dir='ltr'>for</span> <span class='ocrx_word' id='word_1_320' title='bbox 1127 2742 1165 2775; x_wconf 88' lang='lat' dir='ltr'>in</span> <span class='ocrx_word' id='word_1_321' title='bbox 1183 2741 1247 2775; x_wconf 88' lang='lat' dir='ltr'>the</span> <span class='ocrx_word' id='word_1_322' title='bbox 1265 2742 1439 2775; x_wconf 80' lang='lat' dir='ltr'>iuterests</span> <span class='ocrx_word' id='word_1_323' title='bbox 1458 2739 1676 2783; x_wconf 76' lang='lat' dir='ltr'>ofjustice.&#39;&#39;</span> 
     </span>
    </p>
   </div>
   <div class='ocr_carea' id='block_1_7' title="bbox 218 2527 986 2762">
    <p class='ocr_par' dir='ltr' id='par_1_8' title="bbox 218 2527 986 2762">
     <span class='ocr_line' id='line_1_41' title="bbox 265 2527 985 2571; baseline 0 -9"><span class='ocrx_word' id='word_1_324' title='bbox 265 2527 293 2546; x_wconf 79' lang='lat'>⁴¹⁰</span> <span class='ocrx_word' id='word_1_325' title='bbox 319 2540 390 2571; x_wconf 75' lang='lat' dir='ltr'>rep.</span> <span class='ocrx_word' id='word_1_326' title='bbox 413 2539 480 2570; x_wconf 77' lang='lat' dir='ltr'>pro</span> <span class='ocrx_word' id='word_1_327' title='bbox 501 2529 587 2570; x_wconf 72' lang='lat' dir='ltr'>pise.</span> <span class='ocrx_word' id='word_1_328' title='bbox 602 2539 614 2561; x_wconf 92' lang='lat'>.·</span> <span class='ocrx_word' id='word_1_329' title='bbox 641 2527 667 2543; x_wconf 74' lang='lat'>‘⁶</span> <span class='ocrx_word' id='word_1_330' title='bbox 684 2527 822 2561; x_wconf 84' lang='lat' dir='ltr'>Eadem</span> <span class='ocrx_word' id='word_1_331' title='bbox 842 2528 985 2562; x_wconf 84' lang='lat' dir='ltr'>ratione</span> 
     </span>
     <span class='ocr_line' id='line_1_42' title="bbox 218 2574 983 2619; baseline 0 -10"><span class='ocrx_word' id='word_1_332' title='bbox 218 2575 368 2609; x_wconf 89' lang='lat' dir='ltr'>limaces</span> <span class='ocrx_word' id='word_1_333' title='bbox 397 2580 435 2609; x_wconf 90' lang='lat' dir='ltr'>et</span> <span class='ocrx_word' id='word_1_334' title='bbox 468 2586 578 2608; x_wconf 80' lang='lat' dir='ltr'>ranae</span> <span class='ocrx_word' id='word_1_335' title='bbox 612 2574 798 2619; x_wconf 85' lang='lat' dir='ltr'>prohiberi</span> <span class='ocrx_word' id='word_1_336' title='bbox 832 2574 983 2617; x_wconf 86' lang='lat' dir='ltr'>debent,</span> 
     </span>
     <span class='ocr_line' id='line_1_43' title="bbox 218 2622 986 2667; baseline -0.001 -10"><span class='ocrx_word' id='word_1_337' title='bbox 218 2635 301 2657; x_wconf 83' lang='lat' dir='ltr'>cum</span> <span class='ocrx_word' id='word_1_338' title='bbox 327 2623 445 2656; x_wconf 84' lang='lat' dir='ltr'>instar</span> <span class='ocrx_word' id='word_1_339' title='bbox 470 2623 623 2667; x_wconf 86' lang='lat' dir='ltr'>piscium</span> <span class='ocrx_word' id='word_1_340' title='bbox 649 2622 822 2664; x_wconf 83' lang='lat' dir='ltr'>edantur,</span> <span class='ocrx_word' id='word_1_341' title='bbox 838 2622 986 2666; x_wconf 80' lang='lat' dir='ltr'>quaudo</span> 
     </span>
     <span class='ocr_line' id='line_1_44' title="bbox 218 2668 982 2714; baseline -0.003 -11"><span class='ocrx_word' id='word_1_342' title='bbox 218 2681 301 2704; x_wconf 86' lang='lat' dir='ltr'>esus</span> <span class='ocrx_word' id='word_1_343' title='bbox 327 2671 493 2703; x_wconf 85' lang='lat' dir='ltr'>carnium</span> <span class='ocrx_word' id='word_1_344' title='bbox 520 2668 774 2714; x_wconf 80' lang='lat' dir='ltr'>p1·ohibetur.⁷&#39;</span> <span class='ocrx_word' id='word_1_345' title='bbox 827 2668 862 2701; x_wconf 87' lang='lat' dir='ltr'>P.</span> <span class='ocrx_word' id='word_1_346' title='bbox 883 2669 922 2702; x_wconf 87' lang='lat' dir='ltr'>T.</span> <span class='ocrx_word' id='word_1_347' title='bbox 945 2669 982 2702; x_wconf 91' lang='lat' dir='ltr'>P.</span> 
     </span>
     <span class='ocr_line' id='line_1_45' title="bbox 218 2716 872 2762; baseline 0.002 -14"><span class='ocrx_word' id='word_1_348' title='bbox 218 2717 335 2762; x_wconf 83' lang='lat' dir='ltr'>Gury,</span> <span class='ocrx_word' id='word_1_349' title='bbox 357 2718 466 2750; x_wconf 64' lang='lat' dir='ltr'>Casus</span> <span class='ocrx_word' id='word_1_350' title='bbox 483 2718 731 2759; x_wconf 72' lang='lat' dir='ltr'>Conscientiae,</span> <span class='ocrx_word' id='word_1_351' title='bbox 751 2717 772 2750; x_wconf 95' lang='lat' dir='ltr'>i.</span> <span class='ocrx_word' id='word_1_352' title='bbox 792 2716 872 2749; x_wconf 76' lang='lat'>212.</span> 
     </span>
    </p>
   </div>
   <div class='ocr_carea' id='block_1_8' title="bbox 217 2773 1817 3009">
    <p class='ocr_par' dir='ltr' id='par_1_9' title="bbox 217 2773 1817 3009">
     <span class='ocr_line' id='line_1_46' title="bbox 265 2773 1816 2830; baseline -0.005 -22"><span class='ocrx_word' id='word_1_353' title='bbox 265 2773 292 2792; x_wconf 77' lang='lat'>⁴⁵</span> <span class='ocrx_word' id='word_1_354' title='bbox 318 2776 373 2828; x_wconf 60' lang='lat' dir='ltr'>{zio</span> <span class='ocrx_word' id='word_1_355' title='bbox 405 2785 500 2817; x_wconf 82' lang='lat' dir='ltr'>acq.:</span> <span class='ocrx_word' id='word_1_356' title='bbox 532 2774 565 2807; x_wconf 89' lang='lat' dir='ltr'>if</span> <span class='ocrx_word' id='word_1_357' title='bbox 592 2785 613 2807; x_wconf 88' lang='lat' dir='ltr'>a</span> <span class='ocrx_word' id='word_1_358' title='bbox 645 2773 780 2808; x_wconf 89' lang='lat' dir='ltr'>mortal</span> <span class='ocrx_word' id='word_1_359' title='bbox 817 2775 888 2816; x_wconf 81' lang='lat' dir='ltr'>sin,</span> <span class='ocrx_word' id='word_1_360' title='bbox 924 2775 984 2808; x_wconf 84' lang='lat' dir='ltr'>ab·</span> <span class='ocrx_word' id='word_1_361' title='bbox 1099 2787 1125 2806; x_wconf 72' lang='lat'>⁴7</span> <span class='ocrx_word' id='word_1_362' title='bbox 1152 2790 1280 2822; x_wconf 43' lang='lat' dir='ltr'>banco..</span> <span class='ocrx_word' id='word_1_363' title='bbox 1346 2787 1518 2820; x_wconf 59' lang='lat' dir='ltr'>“Nonne</span> <span class='ocrx_word' id='word_1_364' title='bbox 1582 2787 1816 2830; x_wconf 53' lang='lat' dir='ltr'>cognoscitis,</span> 
     </span>
     <span class='ocr_line' id='line_1_47' title="bbox 218 2820 1817 2879; baseline -0.003 -8"><span class='ocrx_word' id='word_1_365' title='bbox 218 2820 380 2875; x_wconf 53' lang='lat' dir='ltr'>Sqlu’tlon</span> <span class='ocrx_word' id='word_1_366' title='bbox 425 2820 534 2874; x_wconf 58' lang='grc' dir='ltr'>(3οῑΛά</span> <span class='ocrx_word' id='word_1_367' title='bbox 575 2825 641 2854; x_wconf 58' lang='grc' dir='ltr'>Ποῖ</span> <span class='ocrx_word' id='word_1_368' title='bbox 691 2821 733 2855; x_wconf 67' lang='lat' dir='ltr'>be</span> <span class='ocrx_word' id='word_1_369' title='bbox 780 2823 984 2876; x_wconf 60' lang='lat' dir='ltr'>postppnefl</span> <span class='ocrx_word' id='word_1_370' title='bbox 1053 2836 1150 2879; x_wconf 88' lang='lat' dir='ltr'>quod</span> <span class='ocrx_word' id='word_1_371' title='bbox 1165 2836 1193 2869; x_wconf 94' lang='lat' dir='ltr'>si</span> <span class='ocrx_word' id='word_1_372' title='bbox 1205 2836 1398 2878; x_wconf 78' lang='lat' dir='ltr'>contingat</span> <span class='ocrx_word' id='word_1_373' title='bbox 1413 2833 1574 2877; x_wconf 87' lang='lat' dir='ltr'>aliquem</span> <span class='ocrx_word' id='word_1_374' title='bbox 1591 2834 1644 2866; x_wconf 81' lang='lat' dir='ltr'>ire</span> <span class='ocrx_word' id='word_1_375' title='bbox 1664 2834 1817 2867; x_wconf 82' lang='lat' dir='ltr'>Romam</span> 
     </span>
     <span class='ocr_line' id='line_1_48' title="bbox 220 2867 1816 2926; baseline -0.002 -10"><span class='ocrx_word' id='word_1_376' title='bbox 220 2868 376 2922; x_wconf 63' lang='lat' dir='ltr'>WJthOUt</span> <span class='ocrx_word' id='word_1_377' title='bbox 407 2867 508 2908; x_wconf 65' lang='lat' dir='ltr'><strong>¹&#39;15k3</strong></span> <span class='ocrx_word' id='word_1_378' title='bbox 551 2868 722 2921; x_wconf 51' lang='lat' dir='ltr'>perhaps&gt;</span> <span class='ocrx_word' id='word_1_379' title='bbox 764 2873 840 2910; x_wconf 62' lang='lat' dir='ltr'><strong>t⁰02</strong></span> <span class='ocrx_word' id='word_1_380' title='bbox 884 2874 913 2902; x_wconf 62' lang='lat' dir='ltr'>lt</span> <span class='ocrx_word' id='word_1_381' title='bbox 955 2881 984 2903; x_wconf 68' lang='lat'>¹3</span> <span class='ocrx_word' id='word_1_382' title='bbox 1052 2906 1060 2915; x_wconf 87' lang='lat'>.</span> <span class='ocrx_word' id='word_1_383' title='bbox 1088 2907 1096 2914; x_wconf 87' lang='lat'>.</span> <span class='ocrx_word' id='word_1_384' title='bbox 1124 2907 1131 2914; x_wconf 94' lang='lat'>.</span> <span class='ocrx_word' id='word_1_385' title='bbox 1161 2883 1312 2915; x_wconf 84' lang='lat' dir='ltr'>mittant</span> <span class='ocrx_word' id='word_1_386' title='bbox 1329 2882 1502 2926; x_wconf 78' lang='lat' dir='ltr'>pecunias</span> <span class='ocrx_word' id='word_1_387' title='bbox 1527 2892 1610 2914; x_wconf 91' lang='lat' dir='ltr'>suas</span> <span class='ocrx_word' id='word_1_388' title='bbox 1636 2881 1674 2914; x_wconf 90' lang='lat' dir='ltr'>in</span> <span class='ocrx_word' id='word_1_389' title='bbox 1702 2881 1816 2914; x_wconf 84' lang='lat' dir='ltr'>banco</span> 
     </span>
     <span class='ocr_line' id='line_1_49' title="bbox 218 2913 1817 2963; baseline -0.001 -16"><span class='ocrx_word' id='word_1_390' title='bbox 218 2915 349 2949; x_wconf 83' lang='lat' dir='ltr'>hinted</span> <span class='ocrx_word' id='word_1_391' title='bbox 366 2913 448 2947; x_wconf 77' lang='lat' dir='ltr'>that</span> <span class='ocrx_word' id='word_1_392' title='bbox 464 2914 673 2948; x_wconf 81' lang='lat' dir='ltr'>absolutlon</span> <span class='ocrx_word' id='word_1_393' title='bbox 693 2915 801 2949; x_wconf 89' lang='lat' dir='ltr'>could</span> <span class='ocrx_word' id='word_1_394' title='bbox 820 2915 863 2950; x_wconf 86' lang='lat' dir='ltr'>be</span> <span class='ocrx_word' id='word_1_395' title='bbox 881 2927 982 2950; x_wconf 83' lang='lat' dir='ltr'>more</span> <span class='ocrx_word' id='word_1_396' title='bbox 1050 2954 1058 2961; x_wconf 37' lang='grc' dir='ltr'><strong>ι</strong></span> <span class='ocrx_word' id='word_1_397' title='bbox 1087 2955 1094 2962; x_wconf 88' lang='lat'>.</span> <span class='ocrx_word' id='word_1_398' title='bbox 1121 2954 1129 2962; x_wconf 36' lang='lat'><em>⁶</em></span> <span class='ocrx_word' id='word_1_399' title='bbox 1160 2933 1201 2963; x_wconf 68' lang='lat' dir='ltr'>ut</span> <span class='ocrx_word' id='word_1_400' title='bbox 1226 2929 1365 2962; x_wconf 69' lang='lat' dir='ltr'>Romae</span> <span class='ocrx_word' id='word_1_401' title='bbox 1390 2927 1448 2962; x_wconf 72' lang='lat' dir='ltr'>vel</span> <span class='ocrx_word' id='word_1_402' title='bbox 1473 2926 1560 2960; x_wconf 70' lang='lat' dir='ltr'>alibi</span> <span class='ocrx_word' id='word_1_403' title='bbox 1585 2939 1669 2961; x_wconf 71' lang='lat' dir='ltr'>cum</span> <span class='ocrx_word' id='word_1_404' title='bbox 1698 2927 1817 2961; x_wconf 66' lang='lat' dir='ltr'>literis</span> 
     </span>
     <span class='ocr_line' id='line_1_50' title="bbox 217 2960 1816 3009; baseline -0.004 5"><span class='ocrx_word' id='word_1_405' title='bbox 217 2961 332 3007; x_wconf 64' lang='lat' dir='ltr'>eaSily</span> <span class='ocrx_word' id='word_1_406' title='bbox 350 2960 522 2995; x_wconf 65' lang='lat' dir='ltr'>⁰btained</span> <span class='ocrx_word' id='word_1_407' title='bbox 541 2965 579 2994; x_wconf 60' lang='lat' dir='ltr'>at</span> <span class='ocrx_word' id='word_1_408' title='bbox 596 2961 722 2996; x_wconf 64' lang='lat' dir='ltr'><strong>Rome·</strong></span> <span class='ocrx_word' id='word_1_409' title='bbox 1050 2976 1138 3009; x_wconf 82' lang='lat' dir='ltr'>dicti</span> <span class='ocrx_word' id='word_1_410' title='bbox 1159 2976 1260 3009; x_wconf 81' lang='lat' dir='ltr'>banci</span> <span class='ocrx_word' id='word_1_411' title='bbox 1281 2986 1427 3008; x_wconf 83' lang='lat' dir='ltr'>securas</span> <span class='ocrx_word' id='word_1_412' title='bbox 1444 2974 1653 3008; x_wconf 84' lang='lat' dir='ltr'>rehabeat.&#39;’</span> <span class='ocrx_word' id='word_1_413' title='bbox 1691 2974 1816 3008; x_wconf 90' lang='lat' dir='ltr'>Tetzel</span> 
     </span>
    </p>
   </div>
   <div class='ocr_carea' id='block_1_9' title="bbox 218 3018 1816 3160">
    <p class='ocr_par' dir='ltr' id='par_1_10' title="bbox 218 3018 1816 3160">
     <span class='ocr_line' id='line_1_51' title="bbox 266 3018 1816 3064; baseline 0.003 -12"><span class='ocrx_word' id='word_1_414' title='bbox 266 3018 292 3037; x_wconf 77' lang='lat'>⁴²⁷</span> <span class='ocrx_word' id='word_1_415' title='bbox 318 3021 407 3053; x_wconf 83' lang='lat' dir='ltr'>mille</span> <span class='ocrx_word' id='word_1_416' title='bbox 425 3020 538 3061; x_wconf 39' lang='lat' dir='ltr'>storn-</span> <span class='ocrx_word' id='word_1_417' title='bbox 571 3018 763 3053; x_wconf 84' lang='lat' dir='ltr'>Hermann</span> <span class='ocrx_word' id='word_1_418' title='bbox 793 3032 864 3055; x_wconf 82' lang='lat' dir='ltr'>von</span> <span class='ocrx_word' id='word_1_419' title='bbox 898 3021 981 3055; x_wconf 90' lang='lat' dir='ltr'>dem</span> <span class='ocrx_word' id='word_1_420' title='bbox 1050 3023 1115 3064; x_wconf 92' lang='lat' dir='ltr'>(H.</span> <span class='ocrx_word' id='word_1_421' title='bbox 1142 3034 1213 3056; x_wconf 89' lang='lat' dir='ltr'>von</span> <span class='ocrx_word' id='word_1_422' title='bbox 1245 3023 1310 3055; x_wconf 85' lang='lat' dir='ltr'>der</span> <span class='ocrx_word' id='word_1_423' title='bbox 1341 3021 1477 3063; x_wconf 85' lang='lat' dir='ltr'>Hardt‚</span> <span class='ocrx_word' id='word_1_424' title='bbox 1512 3023 1603 3056; x_wconf 72' lang='lat' dir='ltr'>Hist.</span> <span class='ocrx_word' id='word_1_425' title='bbox 1638 3024 1816 3056; x_wconf 79' lang='lat' dir='ltr'>Literaria</span> 
     </span>
     <span class='ocr_line' id='line_1_52' title="bbox 218 3066 1490 3113; baseline 0.002 -13"><span class='ocrx_word' id='word_1_426' title='bbox 218 3066 364 3100; x_wconf 84' lang='lat' dir='ltr'>Busche</span> <span class='ocrx_word' id='word_1_427' title='bbox 390 3066 511 3099; x_wconf 84' lang='lat' dir='ltr'>writes</span> <span class='ocrx_word' id='word_1_428' title='bbox 527 3070 565 3099; x_wconf 90' lang='lat' dir='ltr'>to</span> <span class='ocrx_word' id='word_1_429' title='bbox 586 3066 782 3110; x_wconf 82' lang='lat' dir='ltr'>Reuchlin,</span> <span class='ocrx_word' id='word_1_430' title='bbox 802 3068 900 3113; x_wconf 88' lang='lat' dir='ltr'>Sept.</span> <span class='ocrx_word' id='word_1_431' title='bbox 921 3069 979 3111; x_wconf 87' lang='lat'>30,</span> <span class='ocrx_word' id='word_1_432' title='bbox 1049 3070 1334 3111; x_wconf 63' lang='lat' dir='ltr'>Bqsbrmatz&#39;onis,</span> <span class='ocrx_word' id='word_1_433' title='bbox 1354 3069 1400 3102; x_wconf 91' lang='lat' dir='ltr'>iv.</span> <span class='ocrx_word' id='word_1_434' title='bbox 1422 3069 1490 3111; x_wconf 89' lang='lat'>15).</span> 
     </span>
     <span class='ocr_line' id='line_1_53' title="bbox 221 3112 1592 3160; baseline 0.001 -12"><span class='ocrx_word' id='word_1_435' title='bbox 221 3115 337 3148; x_wconf 82' lang='lat'>1514:</span> <span class='ocrx_word' id='word_1_436' title='bbox 366 3113 424 3146; x_wconf 81' lang='lat'>“1</span> <span class='ocrx_word' id='word_1_437' title='bbox 450 3112 525 3146; x_wconf 82' lang='lat' dir='ltr'>find</span> <span class='ocrx_word' id='word_1_438' title='bbox 551 3112 635 3146; x_wconf 86' lang='lat' dir='ltr'>that</span> <span class='ocrx_word' id='word_1_439' title='bbox 654 3113 718 3147; x_wconf 89' lang='lat' dir='ltr'>the</span> <span class='ocrx_word' id='word_1_440' title='bbox 734 3114 980 3160; x_wconf 84' lang='lat' dir='ltr'>Theologiaus</span> <span class='ocrx_word' id='word_1_441' title='bbox 1097 3115 1125 3134; x_wconf 71' lang='lat'>⁵1</span> <span class='ocrx_word' id='word_1_442' title='bbox 1150 3118 1240 3149; x_wconf 62' lang='lat' dir='ltr'>dixit</span> <span class='ocrx_word' id='word_1_443' title='bbox 1254 3127 1266 3149; x_wconf 91' lang='lat'>.·</span> <span class='ocrx_word' id='word_1_444' title='bbox 1292 3115 1427 3149; x_wconf 76' lang='lat' dir='ltr'>Matth.</span> <span class='ocrx_word' id='word_1_445' title='bbox 1446 3116 1516 3149; x_wconf 86' lang='lat' dir='ltr'>xvi.</span> <span class='ocrx_word' id='word_1_446' title='bbox 1539 3116 1592 3150; x_wconf 78' lang='lat'>18.</span> 
     </span>
    </p>
   </div>
   <div class='ocr_carea' id='block_1_10' title="bbox 981 3176 1074 3218">
    <p class='ocr_par' dir='ltr' id='par_1_11' title="bbox 981 3176 1074 3218">
     <span class='ocr_line' id='line_1_54' title="bbox 981 3176 1074 3218; baseline -0.022 0"><span class='ocrx_word' id='word_1_447' title='bbox 981 3176 1074 3218; x_wconf 88' lang='grc'>187</span> 
     </span>
    </p>
   </div>
   <div class='ocr_carea' id='block_1_11' title="bbox 1855 571 1894 601">
    <p class='ocr_par' dir='ltr' id='par_1_12' title="bbox 1855 571 1894 601">
     <span class='ocr_line' id='line_1_55' title="bbox 1855 571 1894 601; baseline 0 0"><span class='ocrx_word' id='word_1_448' title='bbox 1855 571 1894 601; x_wconf 85' lang='grc'>30</span> 
     </span>
    </p>
   </div>
   <div class='ocr_carea' id='block_1_12' title="bbox 1857 905 1896 935">
    <p class='ocr_par' dir='ltr' id='par_1_13' title="bbox 1857 905 1896 935">
     <span class='ocr_line' id='line_1_56' title="bbox 1857 905 1896 935; baseline 0 0"><span class='ocrx_word' id='word_1_449' title='bbox 1857 905 1896 935; x_wconf 84' lang='grc'>35</span> 
     </span>
    </p>
   </div>
   <div class='ocr_carea' id='block_1_13' title="bbox 1856 1240 1894 1270">
    <p class='ocr_par' dir='ltr' id='par_1_14' title="bbox 1856 1240 1894 1270">
     <span class='ocr_line' id='line_1_57' title="bbox 1856 1240 1894 1270; baseline 0.026 -1"><span class='ocrx_word' id='word_1_450' title='bbox 1856 1240 1894 1270; x_wconf 82' lang='grc'>40</span> 
     </span>
    </p>
   </div>
   <div class='ocr_carea' id='block_1_14' title="bbox 1856 1575 1893 1605">
    <p class='ocr_par' dir='ltr' id='par_1_15' title="bbox 1856 1575 1893 1605">
     <span class='ocr_line' id='line_1_58' title="bbox 1856 1575 1893 1605; baseline 0 0"><span class='ocrx_word' id='word_1_451' title='bbox 1856 1575 1893 1605; x_wconf 83' lang='grc'>45</span> 
     </span>
    </p>
   </div>
   <div class='ocr_carea' id='block_1_15' title="bbox 1855 1912 1894 1942">
    <p class='ocr_par' dir='ltr' id='par_1_16' title="bbox 1855 1912 1894 1942">
     <span class='ocr_line' id='line_1_59' title="bbox 1855 1912 1894 1942; baseline 0.026 -1"><span class='ocrx_word' id='word_1_452' title='bbox 1855 1912 1894 1942; x_wconf 84' lang='grc'>50</span> 
     </span>
    </p>
   </div>
  </div>
 </body>
</html>
