2143 3622
429 229 800 286 IOANNES
855 229 1532 286 CANTRIFUSORIS

183 338 282 385 fuit
311 337 429 386 satis
463 338 745 402 profundus
781 338 832 386 in
869 337 1163 403 Theologia‚
1190 344 1242 386 et
1278 338 1378 386 fuit
1415 339 1774 404 speculativus,

182 412 234 452 et
260 405 439 452 habuit
462 405 617 453 etiam
644 405 834 453 multos
853 406 1090 453 fautores.
1166 406 1282 470 Ipse
1302 413 1514 454 vocatur
1538 406 1775 454 dominus

185 471 451 536 Georgius.
524 473 597 519 Et
634 472 857 536 primum
898 472 999 520 fuit
1041 471 1225 528 Hallis‚
1262 472 1445 521 deinde
1482 473 1623 521 venit
1658 473 1774 529 huc,

182 546 234 587 et
269 538 580 603 praedicavit
615 540 745 587 bene
780 556 869 604 per
903 539 1173 587 dimidium
1210 556 1418 595 annum,
1456 539 1507 588 in
1544 556 1775 589 sermone

181 622 274 653 suo
310 605 682 669 reprehendens
717 623 894 654 omnes
930 607 1175 663 homines,
1213 605 1367 654 etiam
1404 607 1686 672 principem
1722 614 1776 656 et

181 688 298 720 suos
324 672 550 721 vasallos.
626 673 726 720 Sed
763 673 813 721 in
852 673 1122 721 collatione
1155 673 1256 721 fuit
1292 673 1487 722 socialis
1523 681 1576 722 et
1610 674 1774 723 laetae

181 739 382 794 mentis,
425 745 477 786 et
517 739 648 787 bibit
689 756 807 788 cum
850 741 993 789 sociis
1035 740 1097 789 ad
1140 740 1377 788 dimidios
1419 747 1471 789 et
1513 741 1576 789 ad
1617 747 1770 790 totos.

182 806 283 854 Sed
325 822 523 869 semper
564 808 770 870 quando
807 808 870 855 de
912 824 1021 856 sero
1063 808 1193 855 bibit
1229 808 1511 864 nobiscum,
1548 815 1674 856 tunc
1710 808 1773 857 de

180 889 330 921 mane
354 873 666 937 praedicavit
685 875 747 922 de
766 875 926 931 nobiS‚
947 875 1120 922 dicens
1139 892 1149 923 z
1188 883 1215 901 ‘⁶
1236 876 1320 922 Ita
1344 876 1524 924 sedent
1543 875 1773 940 magistri

180 940 232 987 in
266 939 358 987 hac
395 941 726 989 universitate
763 958 882 989 cum
919 943 1020 990 suis
1056 942 1201 990 sociis
1237 959 1327 1007 per
1363 949 1529 990 totam
1565 949 1772 995 noctem

179 1007 427 1062 bibentes,
476 1007 726 1065 ludentes,
775 1015 828 1056 et
874 1015 1153 1057 tractantes
1199 1009 1479 1058 levitatem.
1559 1009 1633 1058 Et
1678 1010 1773 1075 ipsi

178 1074 421 1122 deberent
454 1091 539 1122 eos
571 1075 634 1123 de
669 1075 858 1123 talibus
888 1076 1173 1132 emendare,
1199 1083 1324 1125 tunc
1352 1076 1445 1141 ipsi
1477 1077 1773 1142 incipiunt.”

178 1141 251 1189 Et
277 1158 424 1206 saepe
447 1141 570 1190 fecit
594 1142 718 1190 mihi
744 1144 1116 1191 verecundiam.

280 1208 353 1256 Et
377 1208 451 1256 fui
476 1209 633 1258 iratus
653 1226 803 1274 super
822 1226 956 1265 eum,
977 1216 1029 1258 et
1049 1210 1270 1275 cogitavi
1289 1211 1550 1274 quomodo
1568 1228 1770 1276 possem

178 1292 261 1324 me
276 1275 544 1324 vindicare.
597 1276 671 1324 Et
685 1294 788 1324 non
805 1277 950 1341 potui
965 1278 1242 1341 imaginare
1258 1278 1521 1341 quomodo
1535 1278 1768 1327 facerem.

177 1343 252 1391 Et
285 1343 441 1392 semel
473 1342 604 1391 dixit
638 1343 763 1391 mihi
797 1361 946 1400 unus,
976 1345 1237 1408 quomodo
1273 1345 1337 1393 de
1371 1352 1521 1393 nocte
1557 1345 1653 1394 iret
1688 1345 1772 1394 ille

177 1410 493 1474 praedicator
528 1410 591 1458 ad
628 1427 786 1459 unam
822 1411 1104 1467 mulierem,
1132 1418 1184 1459 et
1218 1419 1528 1476 supponeret
1559 1430 1688 1470 eam,
1719 1419 1772 1461 et

176 1477 422 1525 dormiret
458 1494 576 1525 cum
613 1494 684 1525 ea.
757 1478 831 1525 Et
868 1494 963 1542 ego
1000 1478 1209 1527 audiens
1244 1479 1381 1533 talia,
1409 1479 1566 1529 semel
1601 1480 1772 1544 accepi

175 1545 373 1608 aliquos
415 1544 575 1592 socios
622 1544 711 1608 qui
759 1551 898 1593 stant
945 1545 996 1592 in
1046 1546 1275 1610 collegio,
1319 1553 1369 1594 et
1418 1547 1547 1595 circa
1594 1547 1771 1595 horam

176 1611 426 1659 decimam
445 1611 630 1659 ivimus
649 1611 712 1659 ad
731 1612 870 1660 illam
891 1612 1122 1668 domum,
1139 1619 1191 1660 et
1209 1630 1300 1678 per
1315 1613 1418 1660 vim
1439 1613 1742 1662 intravimus
1762 1633 1772 1671 ;

173 1685 300 1726 tunc
323 1679 407 1726 ille
432 1679 713 1727 monachus
737 1680 912 1727 volens
935 1679 1127 1744 fugere,
1149 1696 1254 1727 non
1278 1681 1459 1729 habuit
1482 1688 1687 1746 tempus
1712 1688 1774 1730 ut

174 1745 379 1794 tolleret
415 1746 724 1794 vestimenta
759 1764 864 1801 sua,
891 1753 943 1795 et
980 1747 1186 1795 saltavit
1223 1748 1391 1795 nudus
1429 1765 1492 1796 ex
1529 1749 1767 1804 fenestra,

174 1820 225 1861 et
250 1829 345 1877 ego
369 1813 452 1861 risi
477 1814 548 1861 ita
567 1814 706 1877 quod
728 1814 904 1862 statim
923 1815 1311 1878 perminxissem
1332 1832 1430 1871 me,
1452 1822 1504 1863 et
1524 1816 1740 1864 clamavi
1760 1833 1770 1864 :

175 1888 203 1906 “
225 1880 452 1928 Domine
499 1880 829 1945 praedicator,
873 1881 1065 1930 tollatis
1107 1882 1419 1946 pontificalia
1460 1884 1674 1938 vestra‚'’
1718 1889 1770 1933 et

185 241 213 278 1.
238 239 280 292 4]

219 2023 247 2043 ¹²
270 2027 524 2067 speculativas:
566 2025 654 2059 fond
693 2025 735 2059 of
771 2027 939 2071 mooting

171 2072 243 2106 and
278 2072 483 2118 discussing
520 2072 655 2118 knotty
689 2074 821 2117 points.
893 2074 937 2107 In

171 2120 206 2153 ii.
248 2121 270 2153 6
312 2119 559 2153 Hochstratus
610 2120 638 2153 is
688 2120 763 2154 said
806 2124 844 2154 to
894 2120 937 2155 be

174 2167 201 2184 “
213 2165 461 2211 speculativus
475 2171 513 2200 et
525 2167 798 2211 argumentifex
812 2168 937 2211 singu-

172 2212 293 2246 laris.”
345 2214 388 2247 In
417 2213 439 2247 i.
468 2213 527 2255 42,
556 2214 632 2247 “in
659 2226 753 2259 spec.
776 2215 937 2257 scient.‚’'

172 2260 235 2294 the
253 2261 351 2294 word
373 2260 477 2294 bears
502 2262 548 2294 its
573 2273 672 2295 more
691 2260 796 2295 usual
815 2273 937 2296 mean-

173 2308 179 2315 ·
310 2308 336 2324 cc
499 2308 505 2314 ·
586 2307 605 2319 n

171 2319 246 2372 lugia
253 2307 632 2389 Olgallciisl.eo⁷1'‹1iecglnix'.
649 2355 690 2389 of
698 2355 936 2400 W'ittenberg

173 2413 242 2435 was
267 2401 524 2446 incorporated
548 2402 635 2436 with
658 2402 742 2436 that
764 2403 806 2436 of
825 2402 936 2437 Halle

171 2449 209 2482 in
253 2449 475 2483 1815—the
519 2448 631 2483 latter
673 2449 810 2494 having
842 2450 934 2484 been

171 2496 333 2530 founded
361 2496 398 2529 in
426 2498 517 2530 1694
543 2496 590 2541 by
617 2497 816 2531 Frederick
844 2497 872 2532 I.
900 2497 941 2531 of

171 2542 327 2577 Prussia.

218 2588 244 2608 ¹⁶
268 2593 461 2633 principem
473 2602 484 2624 .·
517 2592 573 2624 i.e.
602 2591 770 2625 Luther's
804 2591 936 2634 friend,

171 2637 199 2670 F
202 2638 369 2671 rederick
417 2637 482 2671 the
533 2637 648 2681 W'ise,
701 2637 850 2672 Elector
899 2639 941 2673 of

169 2684 326 2729 Saxony.

218 2730 242 2750 ¹⁷
270 2734 447 2767 collatione
459 2745 470 2766 .·
511 2733 612 2775 here,
656 2744 695 2765 as

171 2778 278 2812 other
302 2778 424 2824 places
450 2780 487 2813 in
514 2780 577 2814 the
605 2779 644 2812 E.
661 2779 704 2814 O.
720 2779 778 2822 V„
808 2780 844 2813 in
870 2779 934 2813 the

170 2835 274 2859 sense
301 2826 342 2859 of
361 2826 425 2860 the
450 2838 619 2861 common
653 2827 811 2872 evening
840 2826 934 2860 meal

171 2883 212 2905 or
237 2874 413 2916 potation.
467 2874 510 2907 In
536 2874 558 2907 i.
585 2876 644 2915 30,
672 2873 853 2916 however,
882 2885 934 2908 we

171 2919 245 2952 find
260 2921 393 2953 collatio
407 2921 445 2953 in
456 2921 520 2954 the
534 2921 767 2966 noteworthy
778 2932 883 2955 sense
897 2921 938 2954 of

170 2977 191 2998 a
208 2977 353 2999 sermon
377 2978 418 3000 or
441 2967 703 3002 discourse——“
717 2968 753 3000 in
773 2968 934 3001 secunda

170 3016 273 3057 parte
306 3024 392 3046 suae
425 3013 631 3049 collationis
665 3014 812 3048 induxit
844 3015 933 3048 duas

170 3059 457 3102 conclusiones,'’
492 3061 557 3095 ὅτε.
608 3061 686 3095 The
721 3062 863 3107 history
896 3061 938 3095 of

168 3106 233 3140 the
251 3106 349 3140 word
376 3108 405 3140 is
425 3111 491 3140 not
516 3108 590 3142 free
613 3109 707 3142 from
731 3108 929 3153 obscurity.

741 2733 778 2766 in
825 2744 935 2778 many

1006 2025 1065 2059 An
1090 2025 1276 2061 excellent
1298 2027 1500 2061 discussion
1518 2028 1560 2062 of
1571 2028 1636 2063 the
1653 2028 1771 2064 whole

1005 2077 1154 2114 matter,
1205 2073 1292 2108 with
1347 2075 1497 2118 copious
1549 2075 1771 2111 illustrative

1006 2122 1231 2201 g‘ugzationfsss,
1265 2120 1586 2202 IWiHD'bff’found
1618 2123 1666 2188 ‘ign
1705 2123 1771 2204 ltlhe

1047 2185 1058 2200 i
1118 2180 1136 2199 v
1214 2180 1287 2213 ng.
1369 2180 1399 2202 ic
1421 2196 1439 2211 .‚
1511 2181 1572 2204 s.V.
1659 2182 1701 2204 co
1734 2183 1771 2204 a-

1002 2214 1122 2248 tion.''
1174 2215 1208 2249 It
1233 2216 1262 2249 is
1288 2215 1394 2249 there
1420 2217 1569 2261 pointed
1597 2222 1661 2251 out
1688 2218 1771 2252 that

1003 2261 1067 2296 the
1102 2262 1201 2295 work
1234 2262 1329 2296 from
1363 2262 1427 2297 the
1460 2263 1584 2309 public
1617 2265 1771 2310 reading

1004 2308 1046 2342 of
1077 2309 1192 2342 which
1227 2309 1290 2343 the
1324 2314 1418 2343 term
1454 2310 1631 2357 probably
1660 2313 1770 2356 origi-

1004 2356 1115 2390 nated
1142 2368 1212 2390 was
1236 2357 1300 2390 the
1328 2359 1531 2392 Collationes
1556 2360 1704 2392 Patrum
1733 2361 1770 2392 in

1003 2404 1134 2437 &vetica
1148 2405 1273 2438 Eremo
1289 2405 1597 2448 Comumrantz'um,
1614 2406 1656 2439 of
1668 2405 1767 2439 John

1005 2450 1168 2493 Cassian,
1212 2463 1283 2484 ΑΛ).
1329 2452 1502 2493 410-20;
1546 2451 1735 2486 “collatio
1749 2452 1767 2464 '’

1004 2497 1084 2531 first
1106 2498 1310 2543 signifying
1326 2499 1391 2533 the
1409 2499 1509 2532 work
1528 2499 1767 2533 itself-—then

1003 2544 1067 2578 the
1097 2545 1251 2589 reading
1278 2545 1544 2579 thereos—and
1573 2546 1677 2589 then,
1704 2546 1768 2580 the

1004 2596 1126 2636 repast
1150 2592 1234 2625 that
1262 2592 1443 2627 followed.
1495 2592 1613 2626 Other
1637 2593 1769 2627 autho-

1003 2639 1118 2681 rities,
1171 2639 1351 2681 however,
1404 2640 1539 2683 quoted
1602 2640 1648 2684 by
1707 2640 1766 2674 Du

1003 2685 1143 2731 Cange,
1193 2687 1362 2720 consider
1413 2686 1495 2720 that
1547 2686 1734 2721 “collatio
1748 2687 1766 2698 ’'

1003 2731 1200 2777 originally
1238 2738 1361 2767 meant
1402 2746 1422 2765 a
1456 2733 1687 2777 conference,
1726 2746 1767 2768 or

1003 2780 1215 2821 discussion,
1239 2779 1323 2813 held
1350 2779 1396 2824 by
1422 2779 1484 2813 the
1512 2780 1642 2814 monks
1667 2793 1766 2827 upon

1001 2827 1065 2860 the
1084 2838 1233 2871 passage
1253 2827 1348 2860 read.

1049 2872 1075 2890 ²⁶
1102 2876 1320 2917 imayinare:

1002 2920 1042 2953 E.
1059 2920 1100 2954 O.
1118 2920 1161 2953 V.

1048 2965 1073 2984 ²⁷
1100 2969 1141 3000 de
1166 2971 1273 3009 uos-te,
1294 2966 1359 3000 &e
1414 2967 1612 3003 Buce-accio
1631 2968 1764 3004 relates

1000 3026 1020 3047 a
1037 3013 1176 3046 similar
1193 3012 1278 3047 tale.

1047 3059 1074 3078 ³⁵
1097 3060 1336 3102 pontificalia:
1388 3060 1564 3107 literally,
1605 3062 1669 3097 the
1710 3064 1765 3097 in-

1001 3107 1117 3149 signia
1135 3107 1176 3140 of
1189 3118 1209 3139 a
1227 3107 1356 3152 bishop
1371 3117 1379 3149 ;
1407 3108 1505 3152 here,
1525 3109 1732 3155 derisively.

1371 2872 1534 2918 peculiar
1598 2879 1636 2909 to
1699 2875 1764 2909 the

942 3167 1002 3208 15

1809 557 1846 587 15

1806 891 1844 921 20

1805 1230 1844 1260 25

1803 1564 1843 1595 30

1805 1898 1844 1928 35
