2247 3637
192 266 221 306 1.
246 270 313 318 30]
394 255 766 313 IOANNES
821 255 1598 313 SCHNARHOLTZIUS

193 364 476 420 audientes,
524 370 576 412 et
624 363 893 420 fleverunt,
941 363 1269 411 meliorantes
1317 381 1367 411 se
1415 381 1478 412 ex
1520 364 1606 411 illa
1647 380 1785 427 prae-

192 432 459 479 dicatione.
559 432 675 495 Ipse
723 432 774 478 in
841 431 1065 478 secunda
1122 437 1266 495 parte
1320 447 1441 479 suae
1501 430 1786 479 collationis

191 499 379 546 indixit
410 499 535 546 duas
567 497 917 546 conclusiones
946 498 1094 545 valde
1126 498 1444 561 magistrales
1478 504 1529 545 et
1558 497 1783 546 subtiles.

193 567 366 613 Prima
405 566 506 614 fuit
547 566 753 630 quando
794 564 1032 613 dominus
1072 565 1301 612 ascendit
1350 565 1400 611 in
1456 565 1619 613 altum
1668 582 1786 612 cum

191 633 401 681 elevatis
438 633 685 680 manibus.
759 632 906 680 Tunc
943 632 1161 696 apostoli
1195 638 1246 679 et
1276 631 1425 679 beata
1459 633 1602 696 virgo
1632 638 1784 679 stete-

191 707 313 747 runt
350 707 403 748 et
450 701 801 748 clamaverunt
848 716 965 747 cum
1001 705 1149 746 tanta
1186 698 1486 746 iubilatione
1523 715 1685 762 usque
1721 699 1784 746 ad

190 768 507 823 raucitatem,
585 773 643 814 ut
724 767 1020 831 impleretur
1090 766 1357 831 prophetia
1427 782 1558 829 quae
1630 766 1784 815 dicit:

192 834 610 882 “Clamaverunt
657 840 710 882 et
757 850 938 881 raucae
984 833 1151 881 factae
1200 840 1320 880 sunt
1363 849 1513 881 voces
1560 833 1784 881 eorum.''

190 901 264 948 Et
300 902 535 966 probavit
570 902 709 965 quod
739 901 833 948 iste
870 901 1059 948 clamor
1093 900 1193 948 fuit
1225 900 1498 956 laetitialis‚
1531 907 1583 948 et
1616 917 1783 949 neces-

189 970 346 1015 sarius
406 969 457 1016 in
515 968 615 1016 fide
684 968 950 1024 catholica,
1009 974 1143 1016 teste
1202 967 1411 1015 domino
1469 968 1674 1015 dicente
1731 967 1784 1014 in

188 1036 485 1099 evangelio:
525 1038 759 1091 “Amen‚
791 1053 956 1092 amen,
989 1035 1102 1083 dico
1136 1035 1296 1091 vobis,
1326 1036 1365 1083 si
1401 1035 1485 1082 isti
1519 1035 1782 1090 tacebunt,

188 1102 381 1166 lapides
424 1103 767 1151 clamabunt.'’
856 1103 959 1168 Ipsi
1009 1103 1360 1150 clamaverunt
1407 1119 1584 1150 omnes
1623 1101 1781 1149 chari-

185 1170 349 1218 tative
406 1187 523 1217 cum
582 1187 771 1234 magno
828 1171 948 1218 zelo.
1043 1169 1325 1235 Praecipue
1370 1176 1545 1217 tamen
1602 1171 1783 1217 beatus

188 1238 375 1285 Petrus
410 1238 499 1301 qui
531 1237 752 1285 habebat
784 1255 938 1285 unam
971 1237 1203 1285 tubalem
1240 1254 1436 1292 vocem,
1471 1244 1530 1285 ut
1560 1243 1784 1285 testatur

187 1305 362 1352 David
385 1322 394 1352 :
434 1313 460 1331 ‘⁶
484 1305 590 1353 Iste
623 1322 816 1369 pauper
840 1305 1123 1352 clamavit.”
1195 1305 1314 1368 Ipsa
1338 1304 1487 1352 beata
1511 1305 1655 1368 virgo
1680 1321 1783 1352 non

187 1371 443 1428 clamavit,
471 1372 557 1419 sed
597 1372 752 1420 deum
791 1372 1021 1420 laudavit
1063 1372 1114 1418 in
1157 1372 1307 1420 corde
1348 1389 1455 1428 suo,
1488 1373 1609 1435 quia
1637 1371 1783 1420 novit

187 1439 316 1487 bene
352 1439 492 1502 quod
528 1439 625 1486 ista
661 1439 832 1486 omnia
865 1440 1108 1487 deberent
1143 1439 1268 1494 fieri,
1293 1440 1424 1487 sicut
1455 1439 1499 1486 ei
1529 1440 1783 1503 praedixit

186 1506 411 1571 angelus.
519 1506 593 1553 Et
651 1506 858 1570 quando
918 1506 1136 1570 apostoli
1183 1506 1256 1554 ita
1304 1507 1616 1554 unanimiter
1663 1524 1781 1555 cum

187 1573 489 1621 iubilatione
525 1580 578 1621 et
615 1573 889 1621 devotione
932 1573 1298 1629 clamaverunt,
1354 1573 1496 1621 venit
1528 1591 1660 1621 unus
1697 1591 1779 1621 an-

184 1641 329 1705 gelus
372 1641 434 1688 de
474 1641 628 1696 cae10,
669 1647 722 1689 et
757 1641 889 1688 dixit
932 1641 1030 1689 eis:
1082 1648 1110 1667 ‘⁶
1132 1641 1241 1688 Viri
1277 1640 1510 1695 Galilaei,
1541 1641 1664 1704 quid
1700 1641 1780 1689 hic

185 1708 332 1756 statis
370 1715 421 1755 et
463 1707 708 1764 clamatis,
736 1715 788 1756 et
829 1707 1051 1772 aspicitis
1090 1708 1143 1755 in
1191 1708 1425 1756 caelum?
1481 1708 1587 1755 Hic
1638 1709 1781 1756 Iesus

184 1775 273 1838 qui
305 1781 598 1840 assumptus
628 1781 705 1823 est
730 1776 782 1823 in
809 1775 1023 1830 caelum,
1051 1774 1119 1823 sic
1144 1776 1316 1823 veniet
1342 1775 1782 1839 quemadmodum

184 1843 382 1890 vidistis
424 1843 588 1890 eum.'’
684 1843 759 1890 Et
823 1844 919 1891 hoc
978 1843 1175 1890 factum
1234 1849 1326 1898 est,
1375 1849 1435 1890 ut
1482 1843 1782 1907 impleretur

183 1909 433 1973 scriptura
473 1926 605 1973 quae
646 1910 798 1958 dicit:
860 1918 888 1937 ‘⁶
912 1910 1281 1958 Clamaverunt
1316 1910 1416 1966 isti,
1454 1917 1507 1958 et
1542 1911 1781 1958 dominus

183 1976 447 2024 exaudivit
473 1978 602 2025 eos.''
675 1978 912 2025 Secunda
937 1977 1195 2025 conclusio
1221 1978 1396 2026 extitit
1425 1978 1780 2042 magistralior,

182 2051 234 2092 et
258 2044 373 2092 talis
399 2044 451 2091 in
476 2045 553 2092 sui
576 2045 768 2092 forma:
811 2045 972 2092 Filius
997 2044 1217 2092 hominis
1242 2045 1407 2093 voluit
1426 2045 1610 2093 habere
1635 2062 1780 2093 suam

180 2112 486 2176 passionem,
518 2112 852 2176 sepulturam,
886 2111 1309 2160 resurrectionem
1345 2113 1397 2160 in
1436 2112 1778 2169 Hierusalem,

181 2195 312 2241 quae
338 2185 416 2226 est
451 2179 502 2226 in
535 2187 712 2227 centro
747 2186 926 2235 terrae,
953 2180 1093 2243 quod
1126 2196 1302 2227 omnes
1335 2180 1567 2245 regiones
1593 2181 1781 2229 scirent

182 2246 246 2293 de
288 2246 395 2294 eius
437 2248 822 2303 resurrectione,
864 2253 916 2294 et
958 2248 1097 2310 quod
1143 2247 1316 2295 nullus
1362 2247 1567 2312 gentilis
1609 2255 1781 2312 posset

182 2329 234 2361 se
275 2330 516 2362 excusare
558 2331 676 2362 cum
714 2331 804 2361 sua
839 2314 1032 2361 haeresi
1068 2320 1120 2361 et
1156 2314 1352 2363 dicere:
1392 2314 1554 2379 “Ego
1590 2315 1779 2363 nescivi

181 2381 321 2444 quod
358 2382 595 2430 dominus
631 2382 907 2429 resurrexit
943 2399 972 2428 a
1008 2382 1257 2430 mortuis:
1295 2383 1319 2399 ’⁹
1348 2383 1455 2439 Qffi
1490 2398 1611 2446 ergo
1640 2383 1779 2445 quod

181 2454 258 2495 est
305 2449 357 2495 in
404 2448 589 2505 medio,
639 2465 816 2496 omnes
865 2448 1034 2496 videre
1082 2456 1298 2513 possunt
1345 2450 1433 2514 qui
1481 2456 1601 2497 sunt
1650 2451 1779 2497 circa

181 2516 426 2572 medium,
476 2522 531 2563 et
576 2516 716 2580 quod
774 2515 946 2563 nullus
1004 2515 1298 2565 incredulus
1345 2517 1556 2564 haberet
1614 2533 1778 2564 unum

181 2599 397 2646 parvum
422 2582 680 2648 refugium
706 2582 1064 2639 excusationis,
1092 2585 1144 2631 in
1168 2584 1256 2632 illo
1280 2584 1394 2631 loco
1419 2583 1508 2632 ubi
1541 2584 1778 2632 dominus

228 2695 254 2714 ²⁵
279 2699 390 2731 collat.
442 2697 509 2731 See
527 2698 550 2731 i.
572 2699 607 2740 4,
627 2709 661 2732 η.
1015 2697 1053 2730 in
1097 2707 1194 2732 most
1235 2697 1415 2732 medieval
1459 2710 1570 2743 maps.
1645 2699 1664 2715 “
1684 2698 1779 2732 Sunt

228 2742 256 2761 ³²
281 2746 448 2778 clamatu:
492 2745 650 2790 adapted
701 2745 794 2778 from
848 2744 942 2778 Psal.
1015 2746 1126 2779 etiam
1161 2750 1199 2779 et
1234 2745 1415 2789 Theologi
1448 2746 1510 2788 qui
1537 2772 1543 2778 .
1576 2772 1582 2779 .
1611 2770 1618 2778 .
1647 2745 1778 2779 Hiero-

182 2789 269 2824 lxix.
289 2793 320 2825 3.
1014 2792 1192 2836 solymam
1212 2793 1373 2826 medium
1394 2797 1514 2825 terrae
1535 2803 1612 2825 esse
1636 2791 1776 2835 volunt,

225 2835 253 2854 ³³
279 2839 382 2871 laetit.
429 2838 505 2872 Not
522 2838 637 2872 found
658 2838 873 2874 elsewhere.
1015 2840 1100 2883 quia
1138 2840 1315 2882 scriptum
1360 2840 1406 2872 sit
1452 2850 1515 2883 per
1555 2838 1777 2883 Prophetam

227 2882 254 2901 ³⁵
279 2895 396 2927 eumq.
410 2896 422 2917 .·
442 2884 542 2918 Luke
560 2886 631 2919 xix.
651 2887 707 2919 40.
1018 2887 1027 2903 ‘
1041 2886 1141 2920 Deus
1160 2891 1331 2930 operatus
1352 2890 1407 2919 est
1425 2885 1580 2919 salutem
1600 2887 1638 2919 iu
1657 2887 1777 2921 medio

228 2929 255 2948 ³⁹
281 2932 419 2964 David:
446 2931 540 2965 Psal.
561 2933 681 2966 xxxiv.
704 2934 735 2966 6.
1013 2933 1192 2967 terrae.’''
1256 2933 1365 2966 Corn.
1404 2933 1544 2978 Agrip,
1571 2934 1623 2967 De
1659 2935 1775 2967 Vanit.

228 2976 256 2995 ⁴⁴
284 2979 349 3010 riri
372 2979 467 3011 Gal..·
496 2979 653 3024 adapted
680 2979 774 3013 from
803 2979 894 3013 Acts
922 2980 944 3012 i.
1014 2982 1152 3021 Scient„
1171 2992 1246 3024 cap.
1268 2979 1324 3016 27.

184 3025 235 3058 11.
1060 3025 1088 3044 ⁵⁸
1115 3029 1151 3059 in
1178 3029 1234 3059 illo
1259 3028 1351 3059 loeo:
1377 3026 1434 3059 for
1460 3028 1514 3060 ille
1539 3028 1641 3061 locus.
1695 3028 1778 3061 “In

227 3070 254 3089 ⁴⁸
279 3073 424 3113 .s·‹=ript.:
445 3070 537 3104 Psal.
555 3073 676 3105 xxxiv.
701 3073 753 3106 17.
1013 3073 1076 3106 the
1110 3073 1190 3107 vale
1224 3073 1266 3106 of
1293 3073 1483 3118 Josephat,
1515 3074 1571 3107 his
1598 3074 1705 3108 doom
1731 3074 1778 3108 he

227 3117 256 3136 ⁵²
281 3122 407 3152 centro.
450 3118 504 3151 Cf.
522 3118 631 3152 Ezek.
648 3131 680 3152 v.
700 3123 735 3161 5,
751 3120 823 3153 and
844 3119 937 3153 Psal.
1013 3119 1085 3152 will
1109 3120 1193 3153 d‹›.”
1248 3121 1469 3154 Lamentaeio
1486 3123 1699 3155 Animarum
1719 3121 1777 3162 (E.

179 3163 290 3199 lxxiv.
313 3165 366 3197 12.
417 3164 625 3199 Jerusalem
653 3167 682 3200 is
707 3166 795 3200 thus
815 3166 940 3200 shown
1015 3167 1052 3199 E.
1074 3166 1113 3199 T.
1133 3168 1182 3209 S„
1200 3166 1256 3200 ed.
1278 3167 1478 3209 Furnivall,
1501 3168 1603 3211 1878,
1624 3180 1657 3213 p.
1678 3169 1748 3211 73).

954 3227 1016 3272 79

1819 382 1857 411 25

1819 717 1857 747 30

1817 1050 1856 1080 35

1817 1725 1855 1755 45

1815 2061 1852 2090 50

1813 2395 1851 2425 55
