2247 3637
448 263 917 319 EPISTOLAE
980 262 1571 320 OBSCURORUM
1625 263 2033 319 VIRORUM

1138 504 1339 551 XVIII

481 639 544 687 (ἱ
582 639 646 686 F.
687 638 952 686 SIMON
992 638 1061 685 W
1058 637 1259 685 ORST
1288 653 1460 685 sacrae
1505 635 1803 700 Theologiae
1839 636 2011 685 doctor

906 704 986 752 M.
1029 704 1243 753 Ortvz'no
1283 705 1381 752 Gr.
1422 701 1560 751 Salu.

549 837 917 895 OSTQUAM
958 838 1100 886 venit
1140 838 1239 886 huc
1276 836 1503 886 defensio
1541 836 1783 885 Iohannis
1820 837 2035 885 Pfeffer-

580 906 709 953 korn
753 912 930 953 contra
970 904 1189 953 famosas
1236 921 1392 969 quam
1441 904 1730 968 composuit
1770 904 1821 952 in
1856 904 2032 961 latino,

387 993 405 1022 5
440 989 638 1036 semper
657 971 797 1019 omni
816 971 898 1020 die
917 971 1153 1020 audimus
1177 972 1256 1019 hic
1281 989 1442 1020 nova:
1473 971 1626 1019 Unus
1651 971 1775 1019 dicit
1800 970 1884 1027 sic,
1904 971 2032 1020 alius

440 1039 531 1096 sic;
557 1039 704 1086 Unus
729 1045 806 1087 est
830 1055 920 1103 pro
946 1056 1020 1096 eo,
1041 1039 1167 1087 alius
1191 1056 1282 1104 pro
1309 1037 1594 1094 Reuchlin;
1630 1038 1784 1087 Unus
1803 1038 2033 1086 defendit

438 1122 574 1162 eum,
600 1106 726 1153 alius
752 1105 937 1170 culpat.
1010 1106 1085 1155 Et
1110 1112 1184 1154 est
1211 1122 1459 1170 magnum
1478 1111 1752 1162 certamen,
1772 1111 1824 1153 et
1851 1104 2034 1153 volunt

437 1172 658 1221 invicem
681 1179 944 1237 percutere
969 1189 1034 1221 se.
1109 1172 1163 1221 Si
1187 1174 1423 1221 deberem
1442 1171 1585 1220 vobis
1604 1172 1818 1221 scribere
1838 1172 2033 1221 Omnes

437 1257 660 1304 guerras,
692 1247 725 1304 q
763 1247 882 1288 sunt
911 1241 973 1288 de
1005 1240 1100 1288 hoc
1130 1240 1272 1297 libro,
1301 1238 1574 1304 Olympiae
1610 1256 1692 1288 me
1721 1246 1929 1304 tempus
1968 1240 2034 1288 sit

367 1327 404 1356 10
439 1307 775 1356 defecturum.
849 1307 950 1355 Sed
985 1314 1245 1356 traseunte
1281 1307 1448 1355 dicam
1483 1323 1659 1370 pauca.
1722 1306 2033 1372 Simpliciter

439 1374 608 1439 plures
649 1374 844 1430 dicunt,
887 1381 941 1423 et
988 1374 1329 1422 communiter
1375 1373 1652 1422 saeculares
1700 1373 1937 1438 Magistri
1979 1380 2032 1422 et

438 1441 702 1506 presbiteri
739 1447 791 1490 et
826 1441 1005 1489 fratres
1041 1442 1103 1489 de
1141 1442 1315 1489 ordine
1351 1441 1624 1495 minorum,
1651 1441 1789 1505 quod
1818 1457 1923 1488 non
1954 1448 2031 1489 est

438 1508 673 1572 possibile
719 1508 858 1572 quod
906 1508 1228 1556 Pfefferkorn
1275 1507 1563 1573 composuit
1609 1507 1766 1555 istum
1813 1507 2030 1565 librum3

440 1575 579 1632 Quia
625 1591 890 1638 nunquam
933 1575 1110 1623 didicit
1147 1592 1311 1623 unum
1353 1575 1568 1623 verbum
1611 1574 1843 1623 latinum.
1927 1575 2031 1623 Re-

368 1656 404 1686 15
439 1642 665 1706 spondeo
703 1643 843 1706 quod
878 1642 1000 1690 haec
1044 1642 1263 1691 obiectio
1299 1641 1425 1690 nihil
1461 1642 1612 1698 valet,
1656 1641 1775 1690 licet
1818 1659 2031 1706 magnos

438 1710 594 1757 etiam
631 1709 764 1757 viros
800 1710 851 1756 in
888 1710 1023 1758 hunc
1057 1726 1218 1773 usque
1254 1709 1390 1757 diem
1425 1709 1740 1774 perverterit,
1779 1715 1831 1757 et
1866 1709 2030 1758 male:

437 1775 557 1839 quia
586 1777 657 1824 lo.
681 1775 832 1831 Pfef„
851 1777 884 1840 q
904 1793 1076 1824 secum
1102 1777 1202 1824 fert
1227 1776 1491 1824 Calamare
1516 1782 1568 1824 et
1592 1777 2030 1834 atramentarium,

437 1859 496 1890 ea
528 1849 700 1908 potest
731 1850 974 1891 annotare
1006 1860 1138 1907 quae
1167 1843 1326 1899 audit,
1358 1843 1439 1892 vel
1472 1844 1522 1891 in
1553 1844 1869 1892 sermonibus
1903 1844 2030 1908 pub-

436 1909 558 1965 licis,
607 1910 689 1958 vel
740 1909 791 1957 in
845 1911 1228 1967 conventiculis,
1276 1910 1357 1958 vel
1408 1909 1614 1974 quando
1660 1911 1925 1959 studentes
1978 1917 2031 1959 et

365 1992 404 2021 20
437 1977 616 2025 fratres
674 1977 1043 2042 praedicatores
1091 1977 1308 2026 veniunt
1358 1977 1410 2025 in
1467 1977 1680 2025 domum
1739 1994 1899 2033 suam,
1948 1978 2031 2026 vel

438 2044 645 2107 quando
691 2044 798 2108 ipse
847 2044 988 2093 vadit
1034 2045 1097 2092 ad
1148 2044 1401 2093 balneum.
1477 2044 1663 2092 Sancte
1710 2045 1852 2101 deus,
1901 2051 2029 2108 quot

438 2110 839 2175 praedicationes
885 2111 1019 2159 intra
1054 2111 1204 2160 ‚XIL
1248 2128 1408 2160 annos
1448 2111 1680 2160 audivit?
1751 2112 1899 2168 Quot
1942 2112 2028 2160 ad-

438 2177 780 2226 monitiones?
873 2179 1020 2234 Quot
1079 2185 1373 2227 sanctorum
1431 2185 1637 2243 patrum
1691 2178 2030 2227 autoritates?

438 2245 582 2300 Quas
629 2244 735 2309 ipse
782 2244 862 2292 vel
909 2262 998 2310 per
1044 2246 1266 2310 seipsum
1312 2245 1528 2293 retinere
1573 2251 1663 2293 aut
1716 2246 1863 2294 uxori
1910 2261 2029 2294 suae

366 2325 404 2355 25
437 2312 604 2360 dicere
635 2312 821 2376 potuit,
847 2313 929 2360 vel
964 2312 1027 2360 ad
1059 2313 1307 2378 parietem
1339 2311 1569 2369 scribere,
1594 2312 1676 2361 vel
1711 2313 1775 2360 ad
1798 2312 2029 2361 tabulam

438 2395 582 2426 suam
619 2394 819 2443 ponere.
891 2379 964 2426 Et
1001 2379 1106 2427 dixi
1141 2380 1296 2428 etiam
1331 2396 1494 2444 nuper
1528 2379 1667 2443 quod
1706 2380 1778 2428 Io.
1815 2379 2029 2428 Pfeffer-

437 2445 566 2493 korn
590 2446 654 2494 de
678 2445 841 2524 seipso
865 2446 1135 2510 profitetur
1154 2447 1300 2507 (citra
1331 2446 1627 2495 iactantiam
1650 2450 1866 2507 tamen),
1890 2446 2029 2510 quod

438 2511 610 2560 omnia
640 2512 726 2560 illa
757 2530 790 2576 q
822 2512 874 2560 in
905 2512 1060 2560 biblia
1083 2513 1200 2561 vel
1188 2530 1240 2561 m
1265 2513 1415 2561 sacris
1440 2513 1735 2578 Evangeliis
1760 2513 2028 2569 habentur,

438 2595 526 2644 per
561 2579 783 2654 seipsum
819 2579 1036 2644 allegare
1070 2586 1241 2645 potest
1277 2581 1340 2628 ad
1377 2597 1530 2629 omne
1564 2579 1897 2645 propositum,
1924 2579 2029 2628 sive

365 2658 404 2688 30
439 2646 635 2694 malum
676 2646 781 2694 sive
823 2646 1032 2702 bonum,
1071 2647 1174 2694 sive
1211 2647 1418 2696 Iudaice
1454 2647 1559 2695 sive
1594 2646 1881 2695 Almanice.
1955 2647 2029 2695 Et

437 2713 594 2761 etiam
630 2714 725 2762 scit
760 2719 1086 2762 mentetenus
1127 2714 1298 2761 omnia
1338 2713 1623 2778 Evangelia
1658 2731 1690 2777 q
1726 2730 1815 2777 per
1853 2719 2027 2761 totum

437 2796 631 2827 annum
666 2786 1010 2845 exponuntur,
1047 2786 1101 2828 et
1134 2787 1307 2845 potest
1342 2797 1401 2828 ea
1435 2781 1646 2828 recitare
1681 2781 1744 2828 ad
1780 2796 2027 2844 unguem,

437 2847 576 2910 quod
600 2863 703 2895 non
727 2854 941 2912 possunt
966 2847 1130 2895 facere
1154 2847 1238 2895 isti
1265 2847 1481 2896 Iuristae
1505 2854 1557 2895 et
1582 2853 1777 2911 poetae.
1850 2846 2026 2895 Etiam

438 2913 593 2962 habet
627 2913 791 2962 filium
830 2914 1036 2962 nomine
1077 2914 1434 2970 Laurentium,
1472 2914 1754 2978 ingenuum
1796 2915 2027 2979 profecto

486 3039 498 3061 ²
523 3037 612 3071 This
631 3038 696 3084 Ep.
715 3040 744 3072 is
762 3038 870 3073 based
888 3038 1021 3073 almost
1038 3037 1196 3084 entirely
1314 3038 1340 3059 ¹0
1364 3043 1448 3073 tras.
1460 3051 1472 3073 .·
1500 3039 1554 3073 for
1571 3044 1805 3076 transeunter.

436 3095 482 3117 on
513 3095 681 3130 passages
711 3086 805 3121 from
842 3086 1100 3120 Pfefferkorn’s
1131 3088 1197 3120 De-
1285 3083 1339 3165 h²⁹
1356 3088 1426 3119 sive
1444 3089 1520 3166 naal.
1540 3098 1565 3121 «ς’.
1587 3088 1661 3122 bon.
1713 3087 1750 3121 P.
1769 3088 1856 3122 does
1874 3091 1940 3122 not
1956 3087 2027 3121 add

425 3133 556 3172 sensit).
1266 3137 1282 3166 t
1310 3144 1369 3167 ese
1387 3144 1460 3166 wor
1489 3144 1515 3167 s.

1199 3193 1290 3238 174
