2247 3637
289 279 341 317 11.
366 282 432 329 το]
615 268 1057 324 MAGISTER
1112 266 1580 323 MALEOLUS

287 377 360 424 vis
377 384 474 425 est:
495 376 582 425 sed
597 378 660 424 ad
677 393 852 424 omnes
869 383 1069 424 sanctos
1087 375 1237 423 michi
1255 375 1431 423 incidit
1441 375 1878 440 unascrupulatio‚

286 451 338 492 et
363 445 520 493 timeo
544 445 682 507 quod
710 444 990 508 Impressor
1014 442 1203 490 furavit
1227 442 1379 489 michi
1407 458 1561 488 unam
1591 442 1789 507 copiam
1815 442 1879 490 de

285 511 513 575 epistola,
540 517 593 559 et
629 510 667 558 si
705 511 772 558 sic
809 517 902 567 est,
927 517 1052 558 tunc
1088 510 1231 557 iuvat
1257 509 1400 556 vobis
1432 509 1585 556 deus:
1621 515 1746 556 tunc
1780 525 1877 573 ego

285 595 388 626 non
407 594 611 643 possum
640 578 897 633 resistere;
935 577 1022 624 sed
1047 582 1222 624 tamen
1247 593 1342 640 ego
1369 575 1484 622 volo
1510 575 1652 622 vobis
1681 576 1873 623 bonum

285 645 554 693 consilium
580 646 726 693 dare:
765 644 923 691 Orate
956 643 1121 692 solum
1158 643 1294 691 Octo
1328 643 1434 690 dies
1468 642 1710 690 continue
1734 643 1877 690 flexis

281 713 516 776 genubus
541 718 592 759 et
622 712 856 760 invocate
886 711 1085 759 ieiunus
1111 717 1339 758 sanctam
1367 709 1626 757 Helenam
1651 726 1781 772 quae
1806 709 1877 757 in-

283 779 423 827 venit
444 780 663 827 Crucem
684 778 899 826 Domini
920 778 1079 826 nostri
1102 778 1253 826 Ihesu
1275 776 1460 825 christi.
1523 776 1671 823 Tunc
1691 775 1877 824 iterum

282 863 367 894 ero
409 846 634 894 invenire
676 845 815 893 illam
857 845 1138 910 epistolam.
1212 844 1360 892 Tunc
1398 860 1486 891 vos
1523 843 1710 891 iterum
1746 844 1876 892 bene

281 913 493 962 stabitis.
567 913 704 961 Ecce
730 913 900 961 videte
930 912 1068 976 quod
1097 912 1182 960 illa
1210 913 1341 960 facio
1366 911 1509 958 vobis
1542 927 1604 958 ex
1631 909 1878 958 charitate

282 981 325 1027 F
330 987 544 1035 raterna,
566 981 697 1027 sicut
716 997 892 1028 omnes
912 997 1086 1027 sumus
1104 981 1300 1036 fratres,
1320 985 1372 1026 et
1391 977 1563 1026 omnia
1586 977 1716 1026 facio
1736 977 1878 1025 vobis

279 1047 418 1110 quod
443 1047 598 1095 etiam
624 1047 853 1095 homines
877 1053 1058 1095 tenent
1082 1046 1272 1111 aliquid
1297 1047 1360 1094 de
1385 1045 1541 1093 vobis.
1604 1044 1789 1094 Valete
1814 1062 1877 1093 ex

281 1113 648 1178 Heydelberga
663 1115 798 1179 apud
817 1114 1207 1162 Claudicantem
1224 1113 1460 1178 Lipsium
1476 1111 1562 1176 qui
1580 1112 1699 1159 sinit
1714 1129 1876 1159 unum

280 1180 372 1229 sibi
410 1198 527 1229 cuin
564 1198 686 1229 naso
724 1182 774 1229 in
811 1182 985 1229 culum
1023 1198 1231 1229 currere.
1308 1181 1353 1228 O
1380 1180 1579 1228 utinam
1604 1196 1694 1226 vos
1720 1180 1875 1227 etiam

279 1248 453 1296 essetis
487 1266 606 1297 cum
643 1249 742 1297 illo.
817 1249 966 1296 Tunc
999 1265 1102 1296 non
1131 1265 1258 1314 opus
1284 1254 1415 1296 esset
1441 1246 1583 1294 vobis
1609 1246 1876 1310 disponere

279 1332 441 1363 unum
479 1316 698 1372 brillum,
720 1316 860 1372 Quia
895 1315 989 1380 ipsi
1025 1316 1205 1364 dicunt
1241 1315 1380 1379 quod
1415 1314 1573 1379 gratis
1609 1314 1877 1362 accomdat

278 1399 381 1430 unl.

496 1450 588 1487 Hoc
607 1463 707 1500 opus
728 1456 790 1488 est
812 1451 1057 1501 Impressum
1080 1450 1236 1487 Bernae

498 1504 576 1541 Ubi
598 1509 769 1554 quatuor
788 1505 1111 1554 praedicatorum
1134 1504 1342 1540 Lucernae
1359 1518 1366 1539 :

495 1558 835 1596 Illuminaverunt
854 1563 982 1595 totam
1004 1558 1251 1596 Suitensium
1274 1559 1483 1606 regionem

493 1612 651 1663 Anteqj,
674 1612 880 1650 Hochstat
900 1616 1064 1650 vexauit
1086 1612 1239 1649 Ioanne
1261 1612 1522 1661 Capnionem.

492 1723 712 1786 [Romae
738 1722 1009 1786 Stampato
1035 1737 1131 1768 con
1155 1720 1425 1785 priuilegio
1450 1720 1535 1768 del
1561 1719 1656 1766 Pa-

658 1806 735 1853 pa,
763 1791 805 1836 ἃ
832 1788 1136 1837 confirmato
1162 1789 1215 1836 in
1240 1787 1379 1852 lugo,
1405 1787 1493 1851 qui

814 1855 988 1920 Vulgo
1013 1855 1216 1911 dicitur,
1245 1855 1338 1903 Bel

963 1922 1186 1986 vedere]

319 2047 348 2066 ⁴²
365 2060 458 2083 naso.
511 2048 725 2093 “Spurcius
743 2058 850 2092 quam
868 2045 1041 2089 clarius‚’'
1108 2045 1200 2080 than
1218 2046 1282 2080 the
1299 2046 1433 2080 second
1452 2044 1527 2091 [E]
1545 2045 1610 2079 the
1626 2045 1711 2080 four
1728 2045 1822 2080 lines
1839 2046 1880 2080 of

270 2108 309 2130 as
330 2096 496 2141 Bocking
513 2094 596 2129 well
613 2094 786 2129 remarks.
1109 2105 1212 2128 verse
1236 2105 1299 2127 are
1320 2094 1490 2136 omitted,
1507 2093 1580 2126 and
1599 2094 1637 2126 in
1655 2092 1753 2128 their
1773 2092 1875 2138 place

319 2141 346 2161 ⁴⁶
364 2145 424 2177 hoc
448 2154 548 2186 opus,
568 2142 633 2176 &o
687 2142 727 2175 111
755 2140 805 2175 all
834 2141 917 2176 edd.
944 2140 1040 2174 later
1110 2141 1139 2174 is
1156 2140 1220 2174 the
1237 2139 1420 2186 colophon
1439 2141 1477 2174 in
1496 2139 1675 2174 brackets.

1034 3199 1129 3242 285

1915 391 1953 422 30

1913 724 1951 753 35

1913 1063 1951 1092 40

1913 1397 1950 1427 45
