2247 3637
213 279 265 318 11.
289 278 357 328 46]
458 267 506 323 C
520 265 927 322 UNRADUS
980 265 1580 323 UNCKEBUNCK

212 384 445 441 tempore
492 374 794 422 universitas
842 374 926 422 illa
972 374 1072 421 fuit
1119 373 1345 421 multum
1394 374 1444 421 in
1498 375 1633 423 flore.
1732 375 1806 422 Et

214 444 420 508 quando
478 458 611 489 unus
670 442 815 489 stetit
873 458 962 506 per
1020 458 1211 488 annum
1266 457 1384 488 culn
1432 441 1658 498 dimidio,
1706 442 1807 490 fuit

215 517 483 576 promotus
521 509 571 556 in
608 508 938 564 bacularium‚
978 514 1029 556 et
1070 525 1159 572 per
1199 514 1301 555 tres
1342 524 1516 564 annos,
1554 515 1644 556 aut
1679 509 1807 557 duos

216 595 336 626 cum
372 576 599 629 dimidio,
638 577 689 623 in
727 575 1066 639 Magistrum:
1116 581 1168 624 et
1204 576 1318 638 si[c]
1360 582 1594 639 parentes
1630 592 1807 623 eorum

215 646 426 693 fuerunt
474 643 719 698 contenti,
768 649 820 690 et
876 642 1093 690 libenter
1150 649 1497 706 exposuerunt
1555 643 1807 706 pecunias⁸

218 712 358 769 Quia
403 710 648 758 videbant
694 710 832 773 quod
881 710 968 758 filii
1022 710 1099 758 sui
1147 715 1397 757 venerunt
1456 710 1519 756 ad
1577 709 1806 757 honores.

219 779 320 827 Sed
345 794 483 825 nunc
509 777 770 842 supposita
797 777 978 824 volunt
1002 776 1176 825 audire
1202 776 1477 839 Virgilium
1502 783 1556 823 et
1581 776 1810 823 Plinium

217 853 270 894 et
306 845 431 892 alios
466 861 623 892 noves
659 851 889 891 autores:
944 850 996 892 et
1037 844 1156 892 licet
1198 843 1414 891 audiunt
1454 859 1543 907 per
1583 844 1812 907 quinque

218 914 420 967 Annos,
444 918 619 959 tamen
655 928 757 958 non
793 917 1188 975 promoventur:
1226 910 1299 958 Et
1325 911 1393 958 sic
1417 910 1623 973 quando
1648 926 1812 961 rever-

217 986 340 1029 tunt
376 979 427 1026 in
466 978 698 1042 patriam,
723 979 903 1026 dicunt
940 978 1009 1026 eis
1045 984 1279 1042 parentes
1305 978 1493 1033 “Quid
1519 979 1642 1026 es?'’
1715 978 1811 1025 Re-

219 1047 475 1111 spondent
522 1046 660 1109 quod
710 1052 829 1093 sunt
876 1045 1015 1101 nihil,
1056 1045 1143 1092 sed
1191 1045 1502 1092 studuerunt
1548 1045 1599 1092 in
1646 1044 1811 1092 Poesi.

220 1115 369 1163 Tunc
405 1119 640 1177 parentes
677 1129 778 1160 non
805 1111 972 1160 sciunt
996 1113 1120 1175 quid
1144 1119 1235 1160 est.
1309 1112 1382 1159 Et
1406 1112 1612 1175 quando
1638 1112 1815 1160 vident

220 1182 359 1246 quod
402 1197 505 1227 non
547 1187 668 1228 sunt
705 1180 1059 1235 Grammafflci,
1097 1186 1222 1227 tunc
1259 1185 1380 1226 sunt
1417 1179 1549 1227 male
1585 1179 1815 1227 contenti

222 1265 371 1313 super
417 1248 557 1295 illam
604 1247 1006 1301 universitatem,
1056 1253 1108 1294 et
1156 1247 1420 1310 paenitent
1469 1246 1532 1294 de
1583 1247 1813 1311 pecunia.

222 1316 295 1364 Et
321 1316 501 1363 dicunt
536 1321 713 1379 postea
748 1313 884 1361 aliis:
923 1322 950 1340 ‘⁶
970 1314 1090 1361 Non
1123 1314 1340 1360 mittatis
1365 1313 1494 1361 filios
1527 1321 1721 1362 vestros
1754 1313 1817 1360 ad

221 1382 624 1437 universitatem,
660 1381 779 1444 quia
820 1381 947 1428 nihil
987 1381 1212 1436 student,
1249 1380 1502 1427 trufantes
1545 1381 1596 1427 in
1638 1380 1818 1444 plateis

222 1468 310 1517 per
358 1455 579 1498 noctem.
668 1448 740 1495 Et
783 1455 860 1496 est
902 1447 1095 1495 inutilis
1137 1447 1352 1511 pecunia
1392 1464 1523 1510 quae
1564 1448 1715 1495 datur
1756 1447 1819 1494 ad

222 1517 497 1567 studium.''
567 1516 640 1564 Et
664 1515 796 1562 dixit
831 1514 955 1562 mihi
992 1514 1208 1578 amplius
1244 1514 1359 1562 talis
1397 1514 1646 1578 Magister
1680 1515 1820 1578 quod

222 1592 455 1649 tempore
508 1600 599 1631 suo
646 1582 855 1630 fuerunt
915 1582 1044 1629 bene
1091 1581 1195 1628 duo
1242 1580 1399 1627 millia
1457 1582 1721 1629 studentes
1768 1581 1820 1629 in

224 1652 501 1717 Liptzicgk
548 1657 600 1698 et
648 1648 917 1697 Erfordiae
962 1649 1199 1704 totidem,
1236 1654 1290 1696 et
1326 1648 1557 1696 Viennae
1600 1655 1821 1712 quatuor

224 1719 383 1767 millia
418 1725 471 1767 et
508 1717 752 1765 Coloniae
788 1716 945 1764 etiam
980 1721 1075 1763 tot.
1149 1715 1223 1762 Et
1265 1715 1334 1762 sic
1370 1715 1435 1763 de
1470 1715 1592 1763 aliis.
1666 1715 1820 1763 Nunc

223 1793 398 1835 autem
440 1786 492 1833 in
534 1784 772 1832 omnibus
813 1782 1230 1831 universitatibus
1271 1798 1375 1830 non
1417 1789 1537 1830 sunt
1576 1788 1658 1830 tot
1705 1799 1821 1848 sup-

223 1854 390 1919 posita
437 1852 567 1900 sicut
614 1858 740 1899 tunc
787 1851 840 1898 in
886 1867 990 1898 una
1030 1857 1121 1898 aut
1168 1849 1380 1897 duabus.
1471 1849 1545 1897 Et
1593 1849 1822 1913 magistri

225 1922 499 1986 Lipsenses
534 1935 671 1966 nunc
708 1918 857 1966 valde
887 1923 1273 1981 conqueruntur
1308 1917 1372 1964 de
1408 1916 1668 1980 paucitate
1705 1934 1821 1982 sup-

224 1988 523 2053 positorum.
615 1985 753 2042 Quia
800 1992 983 2049 poetae
1030 1984 1227 2032 faciunt
1272 1983 1342 2032 eis
1389 1984 1656 2032 damnum.
1748 1984 1822 2033 Et

224 2055 430 2119 quando
472 2059 707 2119 parentes
749 2053 968 2100 mittunt
1007 2052 1137 2099 filios
1179 2068 1297 2100 suos
1338 2052 1391 2098 in
1427 2051 1601 2099 bursas
1637 2058 1690 2099 et
1726 2052 1824 2099 col-

224 2122 371 2186 legia,
414 2138 518 2169 non
561 2120 743 2168 volunt
785 2120 854 2168 ibi
896 2136 1118 2176 manere,
1160 2120 1248 2167 sed
1290 2119 1489 2166 vadunt
1536 2119 1600 2166 ad
1648 2125 1823 2183 poetas

226 2197 277 2238 et
303 2189 514 2237 student
538 2187 805 2251 nequitias.
871 2187 943 2234 Et
968 2186 1098 2234 dixit
1123 2186 1249 2234 mihi
1272 2187 1411 2250 quod
1445 2185 1551 2250 ipse
1576 2185 1823 2250 Liptzigk

225 2257 350 2306 olim
386 2256 568 2303 habuit
603 2255 940 2319 quadraginta
976 2253 1287 2309 domicellos,
1314 2259 1366 2301 et
1399 2253 1606 2317 quando
1643 2253 1736 2301 ivit
1771 2253 1823 2300 in

227 2324 513 2372 Ecclesiam
551 2323 631 2369 vel
673 2323 736 2370 ad
778 2322 948 2370 forum
991 2322 1072 2369 vel
1113 2320 1397 2385 spaciatum
1440 2322 1492 2367 in
1535 2321 1822 2375 Rubetum‚

225 2398 352 2439 tunc
400 2390 604 2438 iverunt
650 2396 767 2454 post
814 2406 948 2437 eum.
1038 2388 1113 2436 Et
1160 2388 1259 2436 fuit
1306 2395 1431 2435 tunc
1479 2403 1694 2451 magnus
1737 2404 1822 2434 ex-

226 2474 393 2507 cessus
436 2457 641 2505 studere
688 2458 739 2504 in
788 2456 994 2521 poetria.
1081 2456 1155 2503 Et
1196 2455 1401 2519 quando
1443 2471 1575 2502 unus
1617 2454 1824 2501 confite-

226 2526 377 2573 batur
423 2525 475 2572 in
518 2524 833 2572 confessione
869 2523 1007 2588 quod
1055 2523 1256 2571 occulte
1303 2521 1500 2569 audivit
1548 2520 1823 2584 Virgilium

226 2593 290 2640 ab
314 2610 418 2640 uno
444 2591 714 2647 baculario‚
744 2598 864 2639 tunc
903 2591 1149 2638 Sacerdos
1185 2589 1481 2654 imponebat
1507 2589 1552 2635 ei
1581 2604 1822 2651 magnam

226 2659 612 2724 paenitentiam.
678 2658 934 2706 Videlicet
972 2658 1194 2705 ieiunare
1231 2656 1441 2720 singulis
1478 2654 1633 2702 sextis
1668 2653 1820 2709 feriis,

228 2727 310 2774 vel
346 2742 486 2774 orare
523 2726 735 2774 cottidie
773 2732 970 2789 septem
1013 2725 1234 2789 psalmos
1276 2721 1674 2787 paenitentiales.
1748 2720 1822 2768 Et

227 2793 413 2841 iuravit
451 2793 577 2840 mihi
613 2793 663 2840 in
703 2792 1011 2841 conscientia
1049 2809 1139 2839 sua
1177 2791 1312 2854 quod
1353 2788 1483 2837 vidit
1515 2788 1652 2851 quod
1691 2804 1823 2835 unus

229 2859 605 2924 magistrandus
639 2860 741 2907 fuit
782 2859 1010 2914 reiectUS‚
1048 2858 1168 2921 quia
1202 2873 1334 2904 unus
1371 2856 1434 2903 de
1470 2855 1822 2902 examinatori-

230 2927 322 2974 bus
359 2926 515 2974 semel
540 2927 591 2973 in
615 2926 697 2973 die
720 2927 854 2974 festo
891 2925 1020 2973 vidit
1055 2926 1223 2989 ipsum
1258 2924 1426 2987 legere
1462 2922 1513 2969 in
1550 2921 1821 2969 Terentio:

230 2994 430 3042 utinam
466 2993 632 3040 adhuc
668 2999 826 3040 staret
863 2993 933 3040 ita
968 2992 1020 3039 in
1057 2989 1507 3045 Universitatibus‚
1533 2995 1659 3037 tunc
1693 2988 1822 3038 etia:

230 3077 326 3125 ego
367 3077 470 3108 non
509 3059 692 3107 vellem
732 3061 803 3106 ita
839 3059 1022 3107 servire
1065 3059 1144 3105 hic
1187 3058 1238 3104 in
1283 3056 1466 3103 Curia:
1521 3056 1658 3111 Quia
1699 3055 1823 3119 quid

277 3146 432 3181 50nores.
483 3144 697 3190 Sie,i11[D]
717 3146 788 3179 and
811 3143 885 3190 [E]
1109 3142 1136 3161 ⁶⁵
1163 3144 1362 3186 771a9.LiJ)8.
1414 3143 1480 3176 See
1499 3143 1536 3175 ii.
1555 3142 1610 3177 58.

991 3205 1086 3246 ‘2:29

1843 529 1880 558 45

1847 868 1884 897 50

1850 1201 1888 1231 55

1855 1536 1892 1566 60

1858 1869 1895 1900 65

1859 2205 1896 2235 70

1859 2535 1895 2566 75

1858 2869 1896 2899 80
