2247 3637
392 618 432 647 ffl'

374 1280 432 1309 100

374 1618 431 1647 105

373 1951 431 1980 110

374 2290 432 2320 115

374 2623 431 2652 120

475 290 943 347 EPISTOLAE
1004 291 1595 349 OBSCURORUM
1651 291 2060 348 VIRORUM

470 399 589 464 Ego
615 399 733 447 novi
759 400 1045 449 Coloniae.''
1118 401 1381 466 Respondi
1408 410 1436 428 ‘⁶
1454 400 1558 448 noli
1583 401 1764 456 dicere,

470 466 609 522 Quia
632 483 728 532 ego
752 483 855 515 non
880 469 1038 516 sum.”
1108 468 1257 516 Tunc
1283 468 1413 516 dixit
1438 469 1501 516 ad
1527 484 1677 516 suum
1703 467 1897 515 socium

469 541 498 560 ‘⁶
523 535 629 582 Iste
652 550 743 598 pro
767 535 1041 599 Theologis
1110 542 1187 583 est
1211 536 1438 600 proditor
1462 533 1755 600 Capnionis,

470 599 542 648 Et
590 607 666 648 est
712 617 929 666 magnus
975 602 1290 667 pultronus.’'
1359 602 1516 658 Quod
1562 601 1668 649 dixi
1709 600 1963 666 magistris
2011 601 2060 649 in

604 667 838 724 Artibus,

469 734 576 790 Qui
601 734 896 783 iuraverunt
921 735 1140 783 invicem
1210 736 1435 800 accipere
1460 736 1505 784 ei
1529 735 1803 783 lectionem

470 802 555 849 Ita
578 802 716 865 quod
741 801 792 849 in
818 808 1080 865 posterum
1150 818 1252 849 non
1270 803 1485 866 amplius
1505 802 1713 850 haberet
1732 802 2059 867 stipendium.

469 869 629 916 Venit
655 868 987 925 Mosellanus,
1059 868 1258 916 dicens:
1298 868 1426 917 “ille
1452 870 1655 917 Beanus

395 948 433 977 {5
468 936 699 984 Deberet
724 936 787 983 ad
811 935 1102 1000 patibulum
1174 936 1414 1000 suspendi
1439 953 1528 1001 per
1551 953 1701 984 sumn
1728 935 1967 984 collum.”

468 1001 542 1050 Et
566 1002 635 1050 sic
659 1002 733 1049 fui
758 1002 1046 1050 licentiatus
1117 1008 1170 1050 et
1193 1003 1257 1050 ad
1282 1002 1573 1051 Erfordiam
1599 1003 1986 1057 intentionatus,

470 1068 575 1116 Ubi
602 1068 957 1133 Aperbachius
981 1085 1064 1116 me
1134 1069 1325 1133 incepit
1349 1071 1608 1125 tribulare,

467 1135 541 1183 Et
565 1135 811 1184 Eobanus
838 1136 1052 1192 Hessus‚
1112 1136 1200 1199 qui
1224 1153 1490 1200 nunquam
1509 1137 1609 1185 fuit
1632 1138 1792 1185 fessus

468 1203 728 1258 Quaerere
754 1202 805 1250 in
829 1201 1026 1267 plateis,
1098 1209 1157 1251 ut
1182 1210 1507 1268 percuterent
1530 1221 1613 1252 me
1639 1221 1757 1252 cum
1783 1204 1968 1269 pugnis
1989 1222 1999 1260 ;

467 1269 540 1317 Et
560 1270 787 1318 multum
811 1269 1103 1318 terribiliter
1172 1270 1376 1318 vexavit
1401 1287 1484 1319 me
1508 1271 1582 1319 bis
1602 1271 1683 1319 vel
1706 1278 1798 1327 ter,

466 1336 540 1384 Et
565 1336 697 1384 dixit
722 1337 785 1384 ad
811 1337 1106 1386 studentes:
1145 1345 1173 1364 ‘⁶
1194 1338 1438 1401 frangatis
1464 1337 1508 1386 ei
1534 1338 1727 1393 dentes,

466 1404 604 1460 Quia
629 1404 971 1469 Theologicus
1041 1411 1093 1452 et
1122 1404 1377 1452 Reuchlin
1402 1411 1479 1453 est
1498 1404 1776 1453 inimicus.”

465 1470 614 1519 Tunc
634 1471 765 1519 dixit
786 1471 972 1520 Crotus
992 1472 1263 1520 Rubianus
1283 1490 1293 1520 ε
1348 1478 1376 1497 “
1393 1472 1530 1520 unde
1549 1472 1689 1520 venit
1709 1472 1804 1520 iste
1822 1472 2058 1520 Beanus?

465 1537 574 1593 Qui
598 1554 700 1586 non
725 1545 802 1586 est
828 1538 972 1586 nobis
996 1540 1194 1587 notus.”
1264 1538 1393 1586 Dixi
1417 1539 1556 1603 quod
1583 1556 1696 1587 sum
1720 1545 2000 1604 promotus,

465 1605 754 1669 Respondit
776 1625 784 1654 :
821 1612 850 1632 ‘⁶
871 1606 996 1653 eatis
1023 1606 1245 1670 utique.'⁷
1314 1607 1464 1653 Tunc
1490 1605 1628 1654 volui
1653 1613 1903 1655 revertere

466 1671 656 1720 Statim
682 1673 745 1719 ad
772 1672 1058 1729 Coloniam,
1129 1673 1318 1720 vadens
1342 1690 1431 1738 per
1457 1673 1778 1721 Buchoniam
1800 1693 1808 1722 z

466 1739 567 1787 Sed
592 1739 723 1787 dixit
747 1739 957 1802 quidam
982 1740 1163 1795 socius,
1235 1741 1373 1803 quod
1401 1740 1669 1788 Mutianus
1697 1741 1886 1789 Ruffus

466 1806 619 1854 Esset
644 1805 696 1854 in
721 1806 915 1863 itinere,
987 1813 1039 1855 et
1065 1813 1236 1871 posset
1262 1823 1344 1855 me
1369 1813 1647 1871 percutere.

466 1873 614 1921 Tunc
640 1873 707 1921 ivi
732 1890 822 1938 per
847 1873 1199 1938 Campaniam,
1288 1880 1340 1922 et
1366 1873 1482 1922 veni
1506 1874 1692 1922 iterum
1718 1875 1769 1922 in
1796 1874 2057 1923 Misniam.

466 1939 623 1995 Quod
649 1941 748 1988 fuit
773 1940 841 1988 ibi
867 1940 1036 1989 subito
1105 1941 1302 1989 dictum
1328 1940 1765 2006 Aesticampiano,

466 2007 574 2063 Qui
623 2006 761 2055 misit
809 2025 924 2056 suos
967 2007 1255 2072 discipulos,
1349 2008 1437 2071 qui
1494 2014 1762 2057 traxerunt
1809 2025 1892 2056 me
1940 2024 2058 2056 cum

600 2073 834 2123 crinibus.

464 2140 538 2189 Et
562 2141 694 2189 dixit
719 2141 1027 2206 Spalatinus‚
1097 2142 1185 2205 qui
1211 2148 1287 2190 est
1312 2141 1418 2190 eius
1444 2141 1655 2197 vicinus,

466 2208 622 2264 Quod
647 2208 803 2256 etiam
828 2225 891 2257 ex
918 2215 1060 2274 parte
1085 2226 1175 2257 sua
1244 2209 1425 2257 darent
1449 2208 1573 2257 mihi
1599 2209 1818 2257 verbera.

466 2275 608 2340 Ergo
633 2274 753 2323 satis
777 2292 1042 2340 percussus
1112 2276 1227 2324 veni
1252 2276 1315 2323 ad
1340 2275 1564 2340 quodam
1589 2276 1805 2331 Nemus,

470 2342 548 2390 Ibi
572 2342 782 2406 quidam
808 2342 1054 2399 diabolus,
1126 2343 1207 2391 vel
1232 2349 1368 2392 certe
1393 2343 1557 2390 malus
1583 2343 1818 2407 Angelus

467 2409 718 2457 Sturnum
744 2410 804 2456 ad
832 2426 914 2457 me
939 2409 1179 2474 portavit,
1249 2409 1335 2473 qui
1362 2410 1449 2457 ubi
1475 2410 1734 2474 cognovit,

465 2476 630 2524 Dedit
655 2476 778 2524 mihi
804 2476 1001 2541 alapam
1027 2497 1034 2525 :
1104 2482 1230 2524 tunc
1255 2476 1321 2524 ivi
1348 2476 1411 2523 ad
1438 2477 1777 2525 Franconiam

467 2543 574 2591 Ubi
599 2550 676 2592 est
700 2543 885 2591 fluvius
912 2544 1114 2591 Menus.
1179 2543 1258 2591 Ibi
1286 2543 1545 2591 Ulirichus
1574 2544 1844 2592 Huttenus

469 2610 665 2658 Iuravit
688 2610 867 2659 levatis
891 2609 1078 2675 digitis,
1149 2610 1287 2675 quod
1313 2610 1468 2658 vellet
1493 2627 1576 2658 me
1599 2617 1863 2676 percutere
1889 2610 2059 2675 virgis,

466 2677 519 2725 Si
544 2677 728 2725 vellem
755 2677 823 2725 ibi
848 2683 1009 2726 stare:
1079 2683 1205 2725 tunc
1230 2676 1451 2742 cogitavi
1477 2693 1650 2724 meum
1676 2677 1908 2733 salutare,

466 2744 672 2793 Vadens
696 2744 815 2792 hinc
840 2745 891 2793 in
917 2743 1172 2798 Sueviam‚
1244 2745 1307 2792 ad
1333 2743 1595 2792 civitatem
1622 2745 1918 2808 Augustam
1939 2761 1948 2792 :

468 2811 546 2859 Ibi
573 2812 839 2860 Conradus
864 2811 1160 2874 Beufflnger,
1231 2811 1313 2858 6111
1338 2826 1441 2858 11011
1466 2810 1634 2875 placet
1660 2811 1895 2866 Brulifer‚

466 2877 649 2926 Noluit
673 2895 755 2926 me
780 2877 1091 2942 permittere,
1159 2877 1297 2940 quod
1322 2894 1521 2942 possem
1547 2877 1626 2926 hic
1651 2878 1921 2942 quiescere.

374 2955 433 2986 125
466 2944 613 2993 Tunc
635 2945 902 3009 praeterivi
929 2944 1309 3009 Studgardiam,
1379 2943 1499 3007 quia
1523 2944 1678 2993 habet
1710 2945 1778 2993 ibi
1815 2944 2056 2993 stantiam

468 3011 725 3060 Reuchlin
751 3012 835 3060 ille
860 3012 1158 3067 haeretiCUS,
1227 3011 1315 3074 qui
1339 3011 1439 3059 fuit
1458 3011 1581 3059 mihi
1606 3019 1886 3076 suspectus.

466 3077 614 3126 Tunc
639 3079 701 3126 ad
727 3078 1020 3143 Tubingam
1044 3077 1172 3126 abii:
1244 3077 1325 3126 hic
1351 3077 1530 3126 sedent
1554 3079 1705 3127 multi
1729 3079 1849 3126 socii

606 3166 645 3186 ¹¹⁵
663 3180 762 3210 qum:
787 3168 845 3202 for
861 3171 1042 3212 quoddam.
1336 3166 1378 3187 ¹¹⁵
1398 3169 1554 3203 Nonum.-
1580 3168 1644 3203 the
1664 3167 1895 3212 Erzgebirge.

1225 3229 1318 3271 150
