2247 3637
294 1331 331 1360 10

297 1664 334 1694 15

299 1999 337 2027 20

300 2352 339 2381 25

302 2714 340 2743 30

360 258 831 314 EPISTOLAE
893 257 1485 315 OBSCURORUM
1539 255 1948 313 VIRORUM

1090 500 1225 547 XLI

603 637 666 685 (ἱ
698 637 776 685 M.
810 636 1076 684 SIMON
1103 633 1601 683 POCOPORIUS
1631 633 1710 681 M.

770 704 985 752 Ortvz‘no
1026 703 1215 752 Gratio
1252 702 1337 750 Sa.
1375 701 1439 749 P.
1478 701 1549 748 D.

365 847 393 866 ‘⁶
564 839 906 886 IRABILIS
943 839 1079 887 facta
1114 845 1191 887 est
1229 836 1453 886 Scientia
1487 843 1578 884 tua
1613 852 1676 883 ex
1712 851 1812 891 me,
1839 852 1959 884 con-

596 906 787 954 fortata
810 912 904 962 est,
930 912 983 954 et
1005 922 1109 954 non
1142 911 1321 970 potero
1346 904 1409 951 ad
1438 903 1598 951 eam.''
1667 902 1954 951 Psalmista.

370 973 518 1021 Haec
555 973 708 1020 verba
742 979 959 1037 possunt
999 971 1307 1037 appropriari
1346 970 1471 1018 mihi
1507 969 1713 1026 directe,
1752 970 1958 1033 quando

367 1040 628 1088 considero
665 1040 973 1088 Doctrinam
1015 1038 1378 1087 dominationis
1414 1042 1613 1086 vestrae
1651 1053 1807 1100 quam
1848 1053 1957 1102 per-

366 1107 509 1172 spexi
537 1123 701 1171 nuper
735 1123 799 1155 ex
835 1106 964 1155 libro
989 1113 1159 1155 vestro
1194 1105 1281 1170 qui
1317 1104 1612 1154 intitulatur
1643 1112 1670 1130 ‘⁶
1690 1104 1959 1152 Orationes

370 1175 443 1222 M.
485 1174 735 1222 Ortvini.'’
806 1173 992 1221 Sancte
1027 1174 1167 1229 deus,
1214 1172 1476 1237 quomodo
1523 1169 1749 1219 crevistis
1795 1171 1867 1219 ita
1908 1170 1960 1218 in

368 1257 615 1305 magnum
635 1241 819 1296 virum,
842 1258 961 1289 cum
978 1247 1155 1289 tamen
1179 1240 1301 1288 olim
1326 1239 1493 1287 fuistis
1509 1238 1708 1301 [hebes]
1723 1238 1961 1286 scholaris

369 1324 527 1364 meus,
570 1308 659 1357 sed
692 1325 829 1356 nunc
866 1307 986 1356 estis
1019 1324 1169 1372 super
1205 1306 1525 1371 magistrum,
1562 1305 1799 1369 quamvis
1835 1304 1961 1353 dicit

368 1375 645 1439 scriptura:
684 1383 712 1402 “
730 1375 852 1423 Non
885 1381 961 1424 est
985 1373 1263 1439 discipulus
1289 1390 1438 1438 super
1463 1373 1819 1437 Magistrum.”
1888 1372 1961 1420 Et

368 1458 490 1505 ergo
514 1443 721 1505 quando
747 1441 851 1490 vidi
873 1442 1032 1490 talem
1051 1441 1254 1497 librum,
1279 1447 1406 1488 tunc
1432 1439 1647 1488 clamavi
1680 1439 1784 1488 alta
1808 1455 1962 1489 voce:

369 1517 398 1536 ‘⁶
422 1510 468 1556 O
510 1509 742 1565 Ortvine,
786 1508 1036 1557 Mirabilis
1077 1508 1235 1572 [facta
1275 1514 1353 1556 est
1394 1506 1604 1556 scientia
1639 1512 1732 1554 tua
1767 1523 1830 1555 ex
1864 1522 1962 1562 me,

370 1576 658 1624 confortata
705 1583 796 1633 est,
846 1582 899 1625 et
957 1593 1062 1624 non
1108 1581 1287 1641 potero
1345 1574 1410 1621 ad
1452 1574 1609 1622 eam.”
1713 1574 1787 1622 Et
1835 1573 1964 1622 bene

371 1643 727 1706 “mirabilis‚’']
762 1644 881 1707 quia
917 1659 1185 1706 nunquam
1223 1641 1411 1690 credidi
1457 1642 1596 1705 quod
1644 1640 1860 1706 potestis
1894 1641 1964 1688 sic

369 1710 535 1758 facere
581 1711 861 1759 dictamina
908 1710 1216 1759 excellenter
1263 1715 1316 1757 et
1369 1708 1700 1756 artificialiter
1740 1724 1804 1757 ex
1851 1723 1964 1756 me:

371 1777 491 1841 quia
532 1777 596 1826 de
634 1778 800 1843 gratia
840 1777 922 1827 dei
957 1777 1033 1825 fui
1060 1782 1351 1840 resumptor
1382 1781 1434 1824 et
1463 1775 1740 1824 instructor
1767 1780 1965 1823 vester:

371 1851 424 1892 et
471 1845 698 1893 multum
744 1845 933 1909 glorior
979 1861 1131 1910 super
1176 1842 1333 1891 vobis.
1429 1842 1784 1890 “Consortata
1841 1842 1964 1898 est,”

373 1911 517 1968 bene,
543 1912 663 1976 quia
696 1912 818 1960 olim
852 1929 955 1961 non
985 1912 1085 1959 fuit
1118 1911 1189 1959 ita
1218 1910 1397 1958 efficax
1429 1909 1640 1957 scientia
1668 1915 1851 1963 vestra,
1878 1907 1965 1956 sed

373 1995 511 2027 nunc
548 1980 836 2027 confortata
870 1985 948 2028 est
990 1996 1079 2044 per
1115 1978 1420 2026 instinctum
1458 1975 1841 2041 Spiritussancti
1877 1975 1965 2040 qui

373 2045 684 2094 illuminavit
721 2063 825 2095 VOS.
898 2047 971 2094 Et
1004 2045 1126 2095 olim
1153 2044 1390 2110 <parcatis
1423 2042 1568 2102 mihi)
1595 2059 1700 2090 non
1733 2042 1967 2091 voluistis

373 2112 607 2162 studere:
666 2120 718 2161 et
766 2130 914 2178 saepe
967 2112 1161 2161 correxi
1210 2128 1298 2160 vos
1345 2110 1551 2175 quando
1599 2126 1703 2158 non
1751 2109 1968 2158 scivistis

374 2179 563 2228 “mei”
611 2181 692 2229 vel
741 2181 908 2229 “sui”
960 2181 1103 2229 cuius
1151 2179 1341 2227 Casus:
1401 2183 1453 2225 et
1503 2185 1530 2203 ‘⁶
1551 2177 1706 2242 legat,
1752 2177 1967 2242 legant'’

375 2247 518 2295 cuius
541 2248 800 2312 temporis.
873 2248 946 2295 Et
971 2263 1121 2313 saepe
1145 2245 1250 2293 dixi
1275 2245 1339 2293 ad
1366 2261 1454 2292 vos
1478 2244 1604 2292 illud
1631 2245 1866 2293 Metrum
1887 2264 1895 2293 :

671 2343 806 2380 Durae
824 2343 972 2380 cervicis
991 2356 1042 2389 es,
1099 2341 1188 2379 llaec
1207 2340 1300 2378 enim
1319 2353 1451 2391 sapere
1469 2354 1539 2377 non
1562 2340 1672 2377 vales.

376 2425 478 2473 Sed
513 2441 650 2473 nunc
686 2425 900 2490 possetis
937 2441 1021 2472 me
1056 2423 1334 2471 instruere:
1371 2427 1424 2470 et
1459 2437 1555 2485 ego
1591 2437 1694 2469 non
1730 2420 1970 2469 deberem

375 2492 704 2541 verecundari
750 2491 889 2557 quod
936 2508 1097 2541 essem
1145 2495 1314 2537 vester
1360 2487 1652 2552 discipulus.
1741 2487 1814 2534 Et
1849 2503 1971 2550 ergo

375 2559 520 2609 dico:
558 2567 708 2607 “non
743 2566 924 2624 potero
964 2558 1028 2605 ad
1075 2557 1233 2611 eam‚'’
1276 2555 1467 2603 scilicet
1507 2553 1787 2619 pervenire,
1835 2553 1970 2617 quia,

376 2633 435 2675 ut
465 2625 590 2675 dicit
622 2626 872 2682 Socrates,
899 2633 1076 2689 “quae
1109 2639 1260 2688 supra
1295 2638 1404 2676 nos,
1430 2621 1556 2669 nihil
1591 2621 1654 2668 ad
1686 2636 1778 2668 nos
1795 2621 1846 2668 ”t
1884 2620 1972 2669 sed

377 2693 663 2759 procedatis
699 2693 768 2742 sic
811 2691 1137 2758 compilando
1169 2688 1449 2737 dictamina
1478 2694 1531 2736 et
1562 2687 1701 2736 eritis
1733 2687 1972 2736 notabilis

376 2760 464 2809 vir.
537 2761 736 2810 Valete.
808 2761 1014 2808 Datum
1034 2755 1266 2806 Lubeck.

422 2859 435 2879 ³
453 2863 597 2904 Mirab„
616 2861 682 2896 &tu
700 2872 708 2896 τ
737 2860 829 2895 Psal.
847 2860 1018 2895 cxxxviii.
1036 2861 1067 2894 6.
1257 2852 1410 2897 iustum,
1426 2854 1492 2888 ὣς.
1530 2854 1608 2889 The
1623 2855 1739 2888 words
1753 2855 1791 2888 in
1806 2854 1974 2890 brackets

1210 2912 1304 2936 were
1321 2901 1439 2936 added
1457 2902 1495 2935 iu
1513 2900 1586 2947 [E]

422 2949 435 2968 ⁷
456 2952 548 2985 Orat.
563 2962 575 2985 .·
605 2951 632 2968 “
645 2950 842 2986 Orationes
872 2949 1140 2995 quodlibeticae
1258 2946 1285 2966 ²⁵
1302 2950 1424 2982 Durae
1441 2960 1528 2983 cerv.
1542 2960 1554 2982 :
1580 2949 1606 2965 “
1618 2947 1892 2991 stiff-necked,”
1909 2947 1975 2982 but

378 2997 625 3041 perjucundae
666 2997 824 3032 Ortwini
864 2998 982 3032 Gratii
1019 3023 1027 3031 .
1067 3023 1075 3032 .
1111 2995 1142 3031 .”
1210 2994 1299 3029 here
1316 2995 1442 3030 rather
1465 2996 1502 3029 in
1528 2995 1593 3030 the
1617 3006 1723 3030 sense
1747 2995 1790 3029 of
1811 2994 1976 3029 “block-

379 3043 557 3089 Cologne,
578 3045 679 3079 1508.
1210 3041 1339 3076 head.'’

1260 3087 1287 3106 ²⁹
1304 3092 1396 3122 Soc-r.
1450 3088 1565 3130 Eras„
1581 3091 1693 3133 Adaq.
1713 3100 1836 3123 Dnmx.
1853 3098 1862 3130 ;
1890 3088 1975 3122 Lac-

426 3132 451 3152 ¹¹
468 3136 597 3177 πήρη·
622 3134 731 3169 Matt.
752 3147 784 3170 x,
803 3135 859 3171 24.
1214 3140 1309 3178 tant,
1330 3137 1417 3169 Inst.
1436 3137 1528 3178 Diu,
1549 3137 1597 3169 iii.
1618 3136 1674 3171 20.

1140 3195 1236 3238 218
