2247 3637
349 364 386 392 60

350 652 388 681 (35

353 1523 390 1552 80

354 1813 392 1842 85

355 2103 393 2132 90

356 2388 395 2418 95

340 2676 396 2706 100

342 2964 398 2994 105

422 241 892 300 EPISTOLAE
953 239 1545 296 OBSCURORUM
1601 236 2011 294 VIRORUM

420 352 543 392 Prior
564 365 647 390 non
671 349 756 389 fuit
777 347 908 398 domi,
931 347 1105 402 quando
1127 347 1230 388 haec
1251 348 1595 403 pertransierunt
1616 358 1625 387 :
1658 344 1730 386 sed
1762 345 1936 400 quando
1959 345 2010 386 de

421 410 489 450 via
503 408 682 458 revenit,
698 408 786 462 ipse
801 406 916 446 misit
930 420 1096 445 omnem
1112 420 1199 445 rem
1214 406 1460 460 pertingere
1475 404 1531 445 ad
1546 403 1821 444 reverendum
1839 407 2008 458 patrem

420 465 729 507 Provincialem
760 463 997 518 gratiosum
1029 462 1250 503 dominum
1282 469 1473 504 nostrum
1507 463 1617 516 (ipse
1655 460 1727 501 ille
1764 460 1915 501 doctus
1946 461 2012 501 vir

422 524 704 573 illuminatus,
727 523 801 562 lux
832 520 995 570 mundi,
1017 521 1090 575 qui
1122 535 1249 575 super
1281 520 1386 561 duas
1417 519 1733 575 disputationes
1765 522 1936 559 strenue
1968 533 2011 559 se

421 581 577 623 habuit
617 585 767 621 contra
806 578 1055 628 haereticos,
1095 582 1139 618 et
1189 578 1559 633 superdisputavit
1609 591 1679 616 eos
1729 590 1886 625 omnes,
1938 575 2010 616 sed

422 640 655 681 noluerunt
675 638 712 678 ei
734 637 902 678 credere
933 636 1014 691 ipsi
1046 635 1268 689 infideles).
1331 638 1454 677 Tunc
1485 632 1739 675 reverendus
1762 638 1885 686 pater
1907 634 2011 674 Pro-

423 696 616 738 vincialis
633 696 782 737 statim
805 694 924 735 venit
945 694 988 733 in
1010 693 1243 743 civitatem,
1261 698 1305 734 et
1326 699 1439 735 certe
1461 693 1560 742 fuit,
1577 693 1668 747 ipse
1689 695 1734 731 et
1756 691 1879 731 Prior
1901 690 2010 731 male

423 759 651 796 contentus
691 768 816 808 super
851 751 971 792 illum
1012 751 1206 802 fratrem,
1242 751 1356 806 quod
1390 752 1448 792 sic
1487 748 1798 791 inconsiderate
1838 749 1920 789 ivit
1955 748 2008 789 ad

424 813 744 867 magistratum,
765 810 915 851 melius
936 809 1085 850 fuisset
1107 809 1221 864 quod
1244 809 1324 850 sibi
1347 810 1591 850 emissemus
1622 822 1776 847 novam
1799 806 2008 847 cucullam

425 871 478 912 d'e
519 869 686 925 optimo
728 883 888 924 pann0,
929 866 1002 907 sed
1044 866 1147 907 fecit
1188 882 1240 908 ex
1281 867 1394 907 bono
1435 866 1535 906 zelo.
1613 866 1674 905 Et
1715 864 1864 905 statim
1906 865 2009 904 Pro-

425 927 617 969 vincialis
638 927 717 967 ivit
738 925 793 966 ad
816 925 1116 979 magistratum
1142 928 1186 965 et
1210 929 1437 974 senatores,
1460 928 1504 965 et
1525 922 1695 977 rogavit
1715 937 1798 971 eos,
1816 926 1867 963 ut
1886 921 2012 962 nobis

424 986 583 1027 iterum
616 984 832 1025 licentiam
867 983 1037 1032 darent,
1075 986 1124 1023 ut
1157 996 1376 1036 possumus
1412 982 1464 1022 de
1501 978 1758 1021 monasterio
1793 980 1853 1020 ire
1886 994 2012 1034 super

425 1043 604 1099 plateas,
635 1041 708 1082 sed
739 1040 847 1081 nihil
884 1040 1030 1096 potuit
1064 1040 1308 1094 impetrate,
1339 1040 1440 1094 quia
1470 1039 1672 1079 dixerunt
1703 1052 1859 1088 omneS,
1891 1042 2011 1078 totus

425 1100 696 1142 consulatus:
720 1102 745 1122 ‘⁶
760 1100 840 1139 hoc
862 1113 1039 1154 parvum
1070 1102 1149 1148 est,
1171 1097 1288 1152 quod
1320 1113 1405 1138 non
1438 1096 1640 1137 debemus
1660 1095 1846 1150 amplius
1867 1095 2007 1136 exire:

425 1159 507 1215 ipsi
540 1158 692 1199 volunt
722 1157 845 1198 nobis
875 1155 931 1196 ad
962 1155 1042 1196 hoc
1078 1170 1209 1196 unum
1239 1155 1446 1196 factorem
1476 1154 1577 1195 dare
1613 1154 1715 1209 (ipsi
1752 1157 2012 1194 vocaverunt

424 1217 699 1269 curatorem),
721 1215 795 1270 qui
817 1214 947 1255 debet
968 1213 1228 1254 monasterio
1250 1213 1395 1253 omnia
1418 1213 1633 1268 percipere
1656 1219 1700 1252 et
1720 1225 1946 1267 exponere,
1968 1215 2013 1252 et

423 1274 547 1316 nobis
578 1272 846 1315 solummodo
877 1272 1110 1312 necessaria
1140 1270 1281 1312 dare.’'
1343 1272 1468 1312 Certe
1499 1271 1532 1310 si
1563 1270 1643 1310 hoc
1674 1284 1760 1310 esse
1789 1269 1888 1319 erit,
1909 1273 2012 1309 tunc

423 1333 557 1373 habet
590 1333 714 1372 finem
759 1331 868 1371 circa
904 1330 1149 1371 libertatem
1185 1329 1525 1376 ecclesiasticam,
1563 1327 1670 1367 nihil
1710 1331 1775 1368 est
1814 1326 2014 1382 amplius,

426 1390 622 1431 diabolus
644 1393 814 1429 maneat
835 1388 878 1428 in
902 1387 1173 1438 monasterio,
1198 1386 1240 1441 (o
1261 1387 1395 1428 frater
1411 1387 1488 1438 mi)
1506 1386 1588 1426 vivi
1607 1385 1876 1441 pervenimus
1897 1384 2012 1424 illuc.

426 1448 530 1498 Quis
551 1448 663 1488 hunc
693 1445 928 1501 aliquando
960 1445 1106 1501 potuit
1136 1460 1304 1500 sperare
1335 1444 1539 1494 dolorem,
1561 1443 1678 1498 quod
1701 1442 1836 1483 nostri
1857 1442 2012 1497 optimi

423 1506 615 1547 fautores
646 1505 767 1545 nobis
797 1505 855 1544 sic
886 1502 1155 1544 derecedunt.
1218 1505 1279 1544 Et
1309 1507 1421 1543 certe
1452 1501 1706 1542 reverendus
1737 1505 1860 1556 pater
1879 1500 2013 1541 frater

425 1565 545 1619 prior
560 1567 648 1604 este
671 1562 792 1602 valde
814 1561 1110 1610 contristatus,
1125 1566 1170 1602 et
1191 1561 1275 1602 fuit
1296 1560 1512 1615 aliquibus
1533 1559 1684 1599 diebus
1705 1573 1807 1614 prae
1830 1557 2013 1599 tristitia

425 1622 631 1671 infirmus,
653 1620 724 1660 sed
747 1619 874 1660 hodie
895 1623 959 1660 est
980 1623 1144 1669 octava,
1167 1618 1284 1673 quod
1317 1617 1369 1658 de
1402 1633 1525 1658 mane
1558 1622 1656 1672 post
1678 1616 1851 1657 tertiam
1874 1615 2013 1670 diges-

424 1680 603 1729 tionem,
626 1693 757 1718 unum
780 1676 937 1717 malum
961 1676 1159 1717 sudorem
1181 1675 1350 1724 habuit,
1372 1680 1415 1717 et
1441 1674 1716 1729 postmodmn
1748 1674 1948 1724 surrexit,
1970 1677 2015 1714 et

426 1737 508 1778 ivit
527 1736 581 1777 ad
605 1751 712 1792 opus
732 1740 927 1782 naturae,
948 1738 992 1775 et
1012 1735 1176 1775 cacavit
1208 1734 1331 1774 valde
1363 1733 1473 1773 male
1504 1733 1644 1782 nimis,
1662 1748 1747 1773 non
1780 1733 1911 1787 spisse
1942 1730 2011 1771 sed

426 1795 629 1845 tenuiter,
663 1798 707 1835 et
743 1793 902 1833 factum
944 1796 1007 1832 est
1048 1791 1195 1832 melius
1231 1793 1343 1832 circa
1377 1791 1509 1831 illum.
1573 1790 1655 1831 Sed
1690 1790 1822 1830 habet
1857 1790 2013 1830 bonam

427 1851 744 1908 expectantiam
766 1851 820 1891 ab
844 1865 927 1890 una
948 1849 1128 1890 fautrice
1150 1850 1327 1900 ordinis,
1350 1864 1458 1904 quae
1489 1848 1596 1889 bene
1627 1848 1707 1888 scit
1738 1847 1802 1887 illi
1834 1861 2012 1902 coquere

428 1910 541 1951 bona
582 1909 756 1957 iuscula,
797 1912 842 1948 et
883 1907 1083 1948 moniales
1133 1908 1335 1962 crepitus,
1377 1911 1420 1946 et
1466 1905 1726 1946 huiusmodi.
1769 1904 2013 1945 charissime

426 1968 573 2016 frater,
595 1967 629 2007 si
662 1966 757 2006 laici
789 1966 923 2006 nostri
955 1964 1121 2005 domini
1143 1969 1284 2015 erunt,
1311 1979 1454 2005 omnes
1485 1979 1561 2004 nos
1592 1963 1873 2004 deridebunt:
1912 1962 2014 2016 quia

427 2026 511 2067 iam
543 2026 737 2066 fecerunt
766 2038 897 2063 unum
937 2022 1210 2078 proverbium
1246 2023 1296 2063 de
1332 2022 1469 2071 nobis,
1504 2026 1547 2062 et
1581 2025 1837 2076 acceperunt
1867 2019 1931 2060 illi
1963 2019 2015 2059 de

429 2099 513 2124 uno
543 2083 737 2137 antiquo,
759 2081 874 2136 quod
906 2081 1065 2121 dicitur
1096 2080 1147 2121 de
1178 2095 1262 2121 uno
1296 2079 1489 2135 plebano,
1512 2079 1586 2135 qui
1617 2079 1800 2120 libenter
1829 2076 2016 2118 comedit

428 2141 588 2182 bonum
620 2155 798 2188 caseum,
820 2143 862 2180 et
893 2137 1066 2194 quando
1098 2138 1142 2179 in
1173 2142 1320 2178 sancta
1350 2142 1474 2178 nocte
1508 2137 1592 2178 fuit
1628 2137 1671 2177 in
1709 2136 1810 2177 ludo
1844 2135 2016 2191 pascali,

427 2203 532 2240 tunc
572 2214 646 2239 sua
687 2198 799 2238 bona
841 2197 1004 2237 fautrix
1041 2196 1122 2236 sibi
1163 2196 1322 2236 bonmn
1359 2210 1523 2236 caseum
1557 2194 1732 2245 furavit,
1764 2198 1807 2235 et
1843 2192 2015 2249 quando

427 2256 593 2298 revenit
632 2254 685 2295 de
725 2255 843 2305 ludo,
884 2258 928 2295 et
970 2269 1055 2294 non
1096 2254 1260 2294 invenit
1289 2268 1469 2303 caseum,
1501 2252 1725 2293 clamavit:
1763 2256 1880 2306 “per
1915 2250 2016 2291 deos

428 2319 611 2365 sanctos,
634 2312 839 2353 meretrix
861 2311 1023 2352 furavit
1045 2312 1251 2352 caseum.”'
1313 2311 1379 2351 Sic
1401 2311 1485 2351 iam
1508 2309 1682 2365 quando
1705 2325 1781 2350 nos
1806 2309 1858 2350 de
1884 2308 2015 2349 muris

427 2372 682 2428 exspicimus
703 2370 758 2411 ad
780 2370 958 2425 plateas,
980 2368 1120 2424 salatij
1154 2369 1308 2424 gratia,
1332 2369 1412 2424 ipsi
1444 2372 1700 2409 convertunt
1726 2367 2015 2423 proverbium,

427 2445 513 2471 non
544 2428 808 2484 simpliciter,
830 2426 901 2467 sed
933 2441 1008 2482 per
1040 2427 1463 2481 contrapositionem,
1492 2431 1536 2467 et
1567 2426 1775 2466 clamant:
1810 2423 2016 2465 “Audite

429 2503 504 2543 per
539 2486 638 2527 deos
674 2490 855 2535 sanctos,
892 2485 1094 2525 meretrix
1130 2484 1292 2525 furavit
1331 2484 1580 2524 cucullam.’'
1655 2483 1728 2523 Pie
1768 2483 1916 2531 frater,
1958 2482 2015 2521 sic

428 2549 604 2601 oportet
625 2559 700 2585 nos
731 2543 888 2584 habere
920 2542 1074 2583 multas
1106 2547 1149 2582 et
1182 2557 1356 2597 magnas
1382 2542 1627 2582 vexationes
1648 2545 1692 2582 et
1715 2539 2015 2581 tribulationes

429 2603 506 2644 sub
539 2603 631 2643 istis
661 2601 793 2651 laicis,
815 2605 993 2656 propter
1024 2599 1216 2640 ordinem
1249 2603 1456 2640 nostrum.
1519 2600 1580 2639 Et
1604 2613 1698 2639 vere
1719 2598 1804 2638 iam
1827 2598 1870 2637 in
1893 2596 2016 2637 nobis

429 2661 666 2716 implentur
688 2659 787 2700 illae
807 2658 1066 2714 scripturae:
1101 2661 1126 2678 ‘⁶
1143 2657 1259 2698 Servi
1290 2657 1502 2697 dominati
1523 2661 1625 2697 sunt
1646 2655 1799 2703 nostri,
1822 2669 1908 2695 non
1931 2654 2016 2695 fuit

429 2719 503 2775 qui
544 2717 773 2758 redimeret
807 2716 859 2757 de
896 2730 1021 2756 manu
1063 2729 1221 2755 eorum.
1314 2715 1440 2755 Senes
1482 2714 1730 2754 defecerunt
1769 2712 1822 2753 de
1862 2712 2016 2767 portis,

429 2776 601 2817 iuvenes
642 2776 693 2816 de
734 2775 865 2815 choro
913 2772 1202 2828 psallentium,
1244 2771 1401 2812 defecit
1441 2771 1643 2825 gaudium
1686 2770 1825 2811 cordis
1865 2770 2017 2820 nostri,

430 2849 571 2875 versus
602 2838 667 2875 est
697 2832 927 2873 in-luctum
959 2831 1112 2871 chorus
1143 2830 1322 2870 noster.”
1383 2829 1638 2870 Charissime
1671 2829 1819 2878 frater,
1842 2842 1917 2868 ora
1938 2842 2015 2882 pro

430 2891 553 2932 nobis
586 2891 725 2941 deum,
747 2894 796 2930 ut
826 2889 978 2930 liberet
1008 2903 1083 2928 nos
1115 2903 1139 2928 a
1171 2887 1292 2928 malis
1322 2887 1453 2928 laicis.
1517 2886 1596 2927 Sed
1627 2885 1833 2941 quicquid
1855 2885 2015 2934 feceris,

430 2947 540 2990 bone
570 2949 735 2998 Frater,
765 2946 874 2997 vide,
897 2947 934 2987 &
955 2945 1064 2986 hanc
1086 2945 1254 2986 literam
1285 2945 1349 2985 illi
1382 2944 1481 2984 mali
1513 2944 1669 2985 ribaldi
1702 2947 1855 2999 poetae
1876 2957 2015 2983 saecu-

430 3005 536 3046 lares
567 3021 652 3047 non
684 3006 833 3053 sciant,
855 3009 899 3046 et
930 3019 1015 3044 non
1048 3003 1311 3057 intelligant,
1332 3003 1433 3057 quia
1455 3000 1558 3042 alias
1590 3007 1718 3043 erunt
1741 3000 1945 3056 scripturi
1965 2999 2017 3040 de

431 3064 566 3105 nobis.
610 3063 711 3104 Vale
728 3062 992 3118 pangratice,
1006 3061 1262 3109 charissime,
1280 3060 1349 3115 pie
1366 3061 1530 3101 Frater.
1577 3061 1740 3101 Datum
1757 3057 2016 3099 monasterio

430 3126 594 3171 nostro,
615 3121 658 3161 in
680 3125 833 3162 octava
856 3120 1007 3160 mensis
1030 3119 1187 3170 Maius,
1210 3119 1253 3158 in
1275 3132 1388 3159 anno
1412 3119 1535 3160 1537.

1183 3189 1277 3231 126
