2247 3637
185 225 216 264 1.
239 229 307 276 49}
562 214 788 272 IOAN.
844 214 1405 271 TOLLETANUS

185 325 296 374 Quia
326 328 392 365 est
422 323 539 379 apud
562 338 639 364 nos
661 324 704 364 in
728 326 953 365 Convento
975 338 1085 365 unus
1106 324 1256 373 frater,
1278 339 1402 379 quein
1428 330 1475 365 tu
1498 330 1585 366 niet
1607 325 1780 375 novisti,

185 381 432 438 spectabilis
454 381 533 431 vir,
556 381 675 421 utilis
697 382 966 423 Monasterio
996 386 1041 422 et
1070 386 1168 423 toto
1200 381 1341 422 ordini
1373 381 1655 432 honorabilis,
1677 383 1779 438 quia

184 440 316 481 habet
347 439 538 480 tubalem
572 453 714 479 vocem
747 439 790 479 in
822 439 967 490 choro,
997 444 1040 482 et
1072 440 1152 480 scit
1187 438 1293 480 bene
1330 439 1476 481 ludere
1511 440 1555 480 in
1592 441 1778 494 organis.

186 497 283 552 Ipse
305 512 442 553 nuper
464 495 723 551 loquebatur
739 502 784 537 et
803 498 1019 552 peroravit
1037 512 1163 538 unam
1189 497 1342 538 bonam
1367 498 1591 539 fautricem
1616 498 1780 539 ordinis

185 555 431 604 formosam,
453 554 556 594 olim
577 553 753 609 quando
776 555 874 605 fuit,
894 554 968 595 sed
991 570 1103 596 nunc
1122 555 1388 611 apostetavit
1409 570 1434 595 a
1454 555 1578 595 nobis
1598 560 1643 596 et
1664 556 1779 596 facta

185 617 249 654 est
280 611 393 653 mala
423 612 573 652 bestia.
648 612 710 652 Et
741 611 854 654 dixit
885 617 974 654 tam
1008 613 1207 662 multum,
1238 612 1352 668 quod
1389 613 1483 668 ipsa
1517 612 1570 653 ad
1608 617 1775 654 noctem

187 671 306 711 venit
327 670 379 710 ad
404 669 521 709 illum
544 669 599 709 ad
624 670 954 721 Monasteriuln,
976 676 1020 712 et
1042 671 1095 711 ad
1118 676 1203 712 tres
1234 675 1380 712 noctes
1401 670 1462 711 ibi
1486 671 1657 712 mansit.
1718 672 1779 712 Et

187 732 398 769 venerunt
428 726 482 767 ad
515 741 606 767 eam
638 726 725 767 duo
766 728 830 768 vel
873 733 960 770 tres
999 729 1170 778 fratres,
1210 733 1255 769 et
1295 728 1471 769 fuerunt
1512 743 1655 769 omnes
1697 729 1780 769 lete

187 790 344 833 mente,
365 789 410 826 et
438 784 589 825 leviter
618 786 774 826 sensati
806 800 900 826 cum
932 801 995 837 ea,
1025 792 1070 829 et
1101 787 1293 827 fecerunt
1324 801 1482 836 omnes,
1514 790 1563 827 ut
1594 786 1639 826 in
1671 786 1780 827 festo

187 843 336 893 Codri,
366 842 542 883 fortiter
574 841 757 883 viriliter
788 858 893 894 rein,
925 844 988 885 ita
1017 844 1132 900 quod
1166 843 1271 885 bene
1302 848 1507 885 contenta
1537 843 1635 885 fuit.
1717 845 1779 884 Et

186 901 361 957 quando
394 900 484 941 dies
514 899 667 949 factuS,
700 900 818 955 quod
850 902 945 957 ipsa
977 902 1127 943 debuit
1158 902 1211 942 ad
1246 902 1419 943 domum
1452 902 1528 953 ire,
1555 906 1658 942 tunc
1689 902 1779 956 ipse

188 960 324 1000 dixit:
358 963 383 982 “
400 958 509 1008 veni,
529 973 610 1012 ego
643 957 739 999 volo
771 963 814 999 te
846 960 1033 1000 exterius
1066 961 1253 1011 mittere,
1274 960 1357 1001 iam
1393 959 1510 1000 videt
1540 964 1585 1000 te
1615 960 1780 1001 nemo.”

184 1018 285 1074 Ipsa
304 1016 442 1057 dixit:
465 1019 490 1037 ‘⁶
506 1017 576 1056 Da
597 1016 703 1056 mihi
719 1021 848 1058 antea
864 1032 1002 1058 meum
1019 1017 1219 1059 solarium
1242 1033 1321 1074 pro
1341 1023 1385 1059 te
1405 1026 1450 1058 et
1470 1017 1576 1058 alios
1597 1017 1780 1058 omnes,’⁷

188 1077 248 1116 Et
270 1075 384 1115 dixit
405 1074 518 1130 ipse:
549 1078 668 1128 “ego
690 1089 774 1115 non
798 1090 967 1130 possum
991 1091 1070 1131 pro
1092 1077 1198 1117 alios
1219 1076 1363 1117 dare.”
1422 1077 1484 1116 Et
1504 1075 1588 1117 fuit
1610 1075 1690 1116 hoc
1712 1075 1779 1116 die

184 1133 356 1190 plenum
388 1131 569 1172 officium
606 1133 649 1172 in
683 1133 827 1181 choro,
860 1138 903 1174 et
939 1134 1028 1189 ipse
1063 1134 1148 1175 fuit
1182 1134 1405 1182 officiator,
1442 1138 1545 1174 tunc
1581 1134 1781 1189 oportuit

187 1206 283 1232 eum
319 1190 372 1231 ad
407 1189 583 1230 chorum
621 1190 695 1239 ire,
731 1190 786 1230 ad
824 1191 1113 1247 incipiendum
1151 1197 1195 1232 et
1231 1190 1599 1232 conclaudendum
1636 1191 1779 1241 horas,

187 1254 230 1290 et
261 1249 412 1290 statim
452 1247 507 1288 ad
548 1262 638 1288 eam
676 1249 841 1290 revenit
882 1250 924 1289 in
955 1249 1187 1290 dalmatica
1227 1254 1272 1291 et
1312 1250 1355 1289 in
1396 1249 1520 1299 albis,
1551 1254 1596 1290 et
1625 1249 1712 1289 fuit
1741 1250 1779 1290 ei

188 1305 425 1348 amicabilis
455 1305 499 1346 in
532 1310 704 1361 pectore
734 1306 847 1347 inter
879 1306 1103 1356 mamillas,
1124 1312 1169 1348 et
1200 1307 1242 1347 in
1275 1308 1437 1361 gremio
1468 1307 1636 1362 egregie
1661 1306 1780 1356 lusit,

187 1371 232 1406 et
252 1365 317 1406 ita
336 1363 453 1419 quod
475 1379 517 1404 se
538 1363 647 1404 nihil
678 1364 779 1404 mali
801 1364 855 1404 ad
877 1364 995 1405 illam
1020 1366 1223 1419 providit.
1285 1366 1408 1406 Tunc
1429 1370 1569 1405 custos
1592 1364 1782 1420 pulsavit

188 1423 241 1464 ad
264 1423 458 1471 chorum,
478 1426 523 1462 et
543 1422 634 1476 ipse
654 1422 844 1462 cucurrit
867 1422 909 1462 in
931 1422 1040 1463 albis
1069 1423 1158 1464 sine
1188 1422 1347 1463 bracha
1367 1422 1422 1463 ad
1443 1421 1780 1464 interessendum

189 1481 359 1522 divinis.
421 1480 483 1520 Et
522 1479 697 1534 quando
737 1480 916 1531 revenit,
958 1485 1061 1521 tunc
1102 1480 1177 1521 illa
1218 1480 1329 1521 mala
1365 1479 1505 1521 bestia
1540 1480 1656 1520 foras
1692 1480 1781 1520 vias

189 1540 342 1586 iverat,
377 1542 422 1579 et
456 1537 650 1593 portavit
690 1552 828 1578 secum
872 1538 1030 1578 bonum
1074 1538 1415 1593 superindusiam
1460 1538 1649 1579 tunicam
1686 1552 1779 1578 cum

189 1596 356 1638 cucullo
378 1595 430 1636 de
452 1596 566 1635 bono
587 1595 711 1650 nigro
733 1610 890 1651 panno.
952 1597 1014 1637 Et
1035 1595 1209 1651 quando
1241 1596 1293 1637 ad
1328 1595 1501 1637 domum
1528 1596 1658 1645 venit,
1680 1600 1784 1636 tunc

190 1655 336 1696 statim
361 1653 566 1709 perscidit
586 1653 629 1693 in
652 1659 809 1708 partes,
831 1658 874 1694 et
905 1669 991 1694 non
1022 1654 1173 1695 timuit
1204 1654 1418 1695 incurrere
1439 1669 1592 1709 penam
1615 1668 1781 1694 excom-

191 1712 508 1761 municationis,
531 1710 646 1765 quod
669 1711 970 1752 vestimentum
994 1716 1284 1752 consecratum
1306 1711 1533 1753 destruxit.
1597 1712 1700 1752 Vere
1721 1710 1782 1752 ibi

190 1770 417 1827 impletum
439 1774 504 1810 est
525 1769 629 1809 illud
649 1785 656 1809 :
690 1773 716 1792 ‘⁶
734 1770 986 1811 Diviserunt
1016 1769 1096 1811 sibi
1129 1770 1385 1810 vestimenta
1407 1768 1537 1811 mea.”
1598 1770 1660 1810 Et
1681 1774 1782 1810 sunt

191 1828 369 1884 quidam
406 1826 532 1867 zelosi
563 1827 730 1877 fratres,
761 1827 837 1882 qui
872 1828 1038 1878 dicunt,
1071 1828 1184 1883 quod
1222 1828 1299 1868 illa
1335 1828 1447 1868 mala
1483 1827 1622 1868 bestia
1654 1826 1783 1868 debet

190 1886 400 1927 invenisse
420 1885 464 1925 in
487 1885 736 1941 lyripipiolo
756 1885 922 1926 cucullo
942 1885 1267 1941 quatuordecim
1286 1890 1526 1935 coronatos,
1544 1885 1660 1940 quod
1683 1885 1781 1937 (heu

190 1944 323 2000 proch
355 1942 494 1998 dolor)
515 1958 678 1998 semper
697 1943 948 1984 damnosum
971 1948 1093 1994 esset,
1115 1943 1188 1984 sed
1211 1959 1318 1984 unus
1338 1943 1489 1993 credit,
1511 1948 1556 1984 et
1575 1942 1784 1984 secundus

192 2017 277 2044 non
300 2001 450 2043 credit.
511 2002 634 2041 Tunc
655 2001 829 2056 quando
851 2002 922 2042 ille
945 2003 1080 2043 bonus
1102 2003 1235 2043 frater
1256 2001 1381 2052 vidit,
1403 2001 1520 2057 quod
1552 2002 1782 2042 iniuriatus

193 2065 237 2102 et
268 2059 570 2100 damnificatus
606 2059 704 2109 fuit,
741 2059 822 2100 ivit
857 2060 911 2100 ad
948 2059 1162 2116 pedellum
1202 2075 1411 2101 cursorem
1445 2060 1634 2100 civitatis
1666 2058 1782 2112 (novi

193 2118 436 2160 Latinistae
466 2121 622 2158 vocant
654 2117 878 2167 viatorem)
911 2123 954 2160 et
985 2118 1099 2159 dixit
1129 2118 1184 2158 ad
1215 2133 1334 2158 eum:
1374 2121 1399 2139 ‘⁶
1418 2118 1557 2167 chare,
1589 2117 1696 2157 vade
1727 2115 1783 2157 ad

194 2176 326 2224 illam,
358 2180 402 2216 et
431 2175 500 2216 dic
532 2174 649 2229 quod
681 2175 755 2216 det
788 2175 894 2216 mihi
926 2191 1062 2216 meam
1100 2175 1350 2217 cucullam.''
1411 2175 1607 2216 Pedellus
1643 2175 1781 2215 dixit:

193 2239 219 2258 ‘⁶
233 2249 313 2288 ego
335 2233 434 2274 nolo
456 2233 529 2281 ire,
552 2233 727 2287 quando
747 2238 796 2274 tu
818 2233 937 2281 dieis,
959 2234 1029 2275 sed
1063 2234 1234 2289 quando
1255 2234 1542 2288 Magistratus
1563 2233 1683 2283 dicit,
1705 2247 1784 2286 ego

193 2292 291 2333 volo
312 2291 412 2332 ire.''
469 2292 593 2331 Tunc
613 2291 760 2342 frater,
778 2307 862 2332 non
883 2292 989 2333 bene
1011 2292 1316 2341 consideratus,
1332 2307 1385 2332 ex
1401 2292 1514 2332 bono
1531 2291 1636 2340 zelo,
1656 2305 1781 2345 quem

193 2350 362 2399 habuit,
383 2348 498 2405 quod
516 2349 794 2403 magistratus
813 2355 923 2390 esset
944 2349 1089 2391 fautor
1103 2350 1281 2399 ordinis,
1297 2349 1379 2391 ivit
1394 2349 1449 2390 ad
1468 2349 1783 2403 magistratum,

195 2413 239 2450 et
271 2408 374 2448 fecit
410 2422 528 2447 suam
564 2407 797 2461 querelam.
858 2409 982 2449 Tunc
1019 2409 1300 2463 magistratus
1336 2407 1439 2448 fecit
1472 2409 1702 2455 actionem,
1738 2409 1784 2446 et

195 2466 314 2507 misit
344 2481 423 2521 pro
453 2479 526 2505 ea:
568 2469 613 2506 et
648 2465 821 2521 quando
858 2466 990 2517 venit,
1024 2467 1304 2521 magistratus
1340 2464 1631 2520 interrogauit
1665 2478 1782 2503 eam:

195 2527 368 2579 “quare
404 2523 503 2563 huic
539 2538 657 2563 suam
694 2523 902 2564 cucullam
939 2523 1251 2579 deportasti?”
1310 2524 1433 2564 Tunc
1464 2523 1557 2578 ipsa
1588 2521 1710 2563 stetit
1741 2525 1786 2561 et

195 2582 284 2622 sine
304 2579 559 2622 verecundia
579 2582 724 2622 omnia
746 2582 969 2622 manifeste
991 2582 1119 2632 dixit,
1140 2587 1185 2623 et
1215 2580 1433 2636 quomodo
1454 2579 1510 2621 ad
1532 2584 1618 2620 tres
1640 2583 1784 2619 noctes

197 2640 240 2679 in
272 2639 532 2680 monasterio
561 2639 660 2689 fuit,
691 2644 735 2680 et
765 2640 983 2695 quomodo
1013 2655 1150 2681 secum
1184 2639 1366 2680 viriliter
1395 2639 1602 2686 fecerunt,
1623 2641 1667 2677 et
1698 2651 1783 2677 non

198 2695 408 2737 dederunt
448 2697 529 2737 sibi
569 2696 783 2737 solarium.
865 2699 988 2739 Tunc
1028 2698 1308 2752 magistratus
1344 2696 1483 2736 noluit
1519 2695 1620 2735 boni
1655 2694 1784 2734 fratri

198 2753 333 2794 facere
364 2769 482 2794 suam
514 2754 722 2796 cucullam
753 2755 970 2806 rehabere,
1000 2755 1072 2796 sed
1106 2755 1218 2796 dixit
1248 2754 1301 2795 ad
1334 2769 1454 2794 eum:
1488 2756 1513 2775 ‘⁶
1532 2753 1614 2792 Vos
1646 2751 1785 2792 multa

199 2811 404 2866 incipitis,
434 2816 547 2853 certe
579 2827 664 2853 non
701 2828 868 2868 semper
909 2814 1028 2854 vobis
1070 2814 1127 2854 sic
1167 2810 1465 2868 pertransibit,
1502 2810 1609 2850 vade
1648 2815 1700 2851 tu
1740 2810 1783 2850 in

198 2869 368 2909 nomine
403 2873 622 2910 centorum
657 2870 945 2921 diabolorum,
975 2875 1020 2912 et
1055 2886 1179 2911 mane
1209 2870 1251 2910 in
1284 2874 1361 2910 tuo
1398 2867 1705 2918 Monasterio,''
1740 2871 1785 2908 et

199 2926 322 2967 dedit
343 2926 380 2966 ei
401 2927 691 2978 refutatorios,
712 2934 756 2969 et
778 2930 836 2970 sic
857 2928 996 2970 bonus
1028 2929 1162 2969 frater
1191 2926 1502 2967 verecundatus
1524 2930 1567 2966 et
1588 2925 1786 2966 confusus

200 2984 296 3024 fuit.
358 2985 420 3024 Et
451 2983 693 3026 illudebant
723 2987 775 3035 ei,
808 2991 851 3027 et
882 2991 1110 3041 postquam
1142 2985 1375 3025 illusissent
1405 2985 1458 3034 ei,
1488 2985 1785 3039 imposuerunt

198 3042 322 3082 nobis
352 3055 516 3082 crucem
548 3057 760 3097 magnam,
782 3043 898 3098 quod
929 3044 1007 3084 sub
1039 3058 1196 3098 magna
1226 3057 1335 3097 pena
1366 3056 1450 3083 non
1481 3041 1684 3082 debemus
1714 3056 1785 3082 ex-

200 3100 333 3141 terius
356 3100 663 3140 Monasterium
684 3102 744 3141 ire
762 3116 888 3156 super
906 3101 1081 3157 plateas.
1146 3099 1226 3141 Sed
1242 3099 1497 3140 reverendus
1513 3104 1637 3155 pater
1651 3100 1787 3140 frater

951 3173 1045 3213 125

1812 852 1850 882 20

1814 1142 1853 1173 25

1815 1434 1853 1463 30

1816 1722 1854 1752 35

1817 2013 1856 2042 40

1818 2303 1856 2332 45

1818 2592 1856 2622 50

1818 2882 1857 2911 55
