2247 3637
357 669 396 698 50

357 998 396 1028 55

358 1337 396 1366 60
432 1328 461 1346 “

359 1671 397 1701 65

428 275 899 331 EPISTOLAE
964 276 1554 334 OBSCURORUM
1607 277 2018 333 VIRORUM

428 383 499 430 ita
522 382 661 445 quod
686 389 764 430 est
786 382 1016 430 mirabile
1052 383 1114 430 ad
1150 383 1443 433 videndum.
1519 384 1637 447 Ipse
1660 384 1831 448 tangit
1855 399 1939 432 eos
1964 389 2018 432 et

428 464 531 495 non
555 454 707 497 nocet
739 449 797 497 ei.
872 449 974 498 Sed
1009 449 1217 513 quando
1252 451 1455 499 mordet
1490 466 1653 498 unum
1689 450 1864 506 alium,
1889 456 2015 498 tunc

429 515 534 580 ipse
565 514 747 564 liberat
771 533 890 564 eum
915 533 1004 581 per
1027 516 1185 565 talem
1210 517 1471 574 virtutem,
1497 517 1624 565 dans
1659 516 1853 565 homini
1878 516 2018 565 illam

429 582 697 630 materiam
733 583 803 631 sic
838 583 1080 648 ligatam;
1115 590 1168 632 et
1203 584 1384 633 dicunt
1418 584 1558 648 quod
1593 589 1670 632 est
1707 584 1770 632 de
1795 583 1881 631 illa
1904 600 2017 648 pro-

427 648 591 714 genie,
612 649 693 697 cui
708 656 914 698 sanctus
930 650 1124 698 Paulus
1143 651 1392 700 concessit
1405 650 1563 699 talem
1579 650 1840 699 virtutem.
1881 650 2020 708 Quia

428 715 636 780 quando
660 723 866 766 sanctus
890 717 1084 765 Paulus
1108 718 1391 767 ambulavit
1427 718 1479 766 in
1514 717 1675 772 terris,
1698 724 1824 766 tunc
1861 718 2019 766 semel

429 783 530 831 fuit
577 783 862 849 hospitatus
909 785 974 831 ab
1020 801 1124 833 uno
1171 785 1278 833 viro
1324 785 1413 850 qui
1452 785 1696 833 tractavit
1736 801 1856 834 eum
1899 802 2017 833 cum

430 866 631 898 summa
677 851 975 908 reverentia,
1022 858 1075 900 et
1121 852 1310 901 faciens
1357 852 1402 901 ei
1449 852 1637 900 bonam
1681 852 2017 917 Companiam

429 917 719 982 praebendo
756 919 1022 967 comedere
1057 925 1111 968 et
1146 918 1317 968 bibere
1352 925 1405 968 et
1441 919 1575 968 bona
1608 918 1933 975 lectisternia,
1966 925 2019 967 et

429 984 491 1031 de
517 1000 668 1032 mane
691 985 944 1048 quaesivit
967 1003 1087 1034 eum
1124 994 1152 1013 ‘⁶
1172 987 1218 1034 O
1246 986 1377 1034 bone
1402 985 1624 1042 domine,
1649 1002 1753 1034 non
1789 986 2018 1034 habeatis

430 1051 556 1099 mihi
579 1068 670 1117 pro
696 1052 860 1101 malo:
897 1069 993 1117 ego
1029 1053 1176 1102 video
1208 1053 1347 1118 quod
1379 1053 1500 1101 estis
1528 1069 1660 1101 unus
1684 1069 1902 1117 magnus
1927 1053 2019 1108 vir,

430 1124 483 1166 et
507 1118 704 1167 habetis
723 1119 993 1184 specialem
1012 1121 1231 1185 gratiam
1250 1137 1278 1168 a
1296 1121 1403 1169 deo,
1468 1120 1542 1167 Et
1556 1135 1660 1168 non
1680 1120 1861 1169 dubito
1880 1120 2020 1184 quod

430 1185 550 1234 estis
574 1192 795 1243 sanctus,
820 1187 940 1251 quia
963 1187 1067 1235 heri
1093 1187 1196 1235 vidi
1222 1204 1311 1235 vos
1335 1188 1500 1236 facere
1536 1186 1793 1236 miracula.
1866 1188 2020 1250 Rogo

429 1252 609 1300 dicatis
634 1253 758 1301 mihi
783 1254 895 1317 quis
919 1254 1039 1303 estis
1058 1257 1074 1302 ἲ
1091 1255 1114 1272 ”
1184 1254 1474 1319 Respondit
1498 1254 1543 1303 ei
1567 1261 1772 1302 sanctus
1798 1253 2019 1302 Paulus:

478 1336 575 1384 ego
611 1337 726 1369 sum
763 1321 955 1370 Paulus
1004 1321 1193 1370 Christi
1240 1321 1542 1386 apostolus.'’
1630 1320 1779 1369 Tunc
1820 1321 1905 1370 ille
1945 1321 2022 1369 vir

432 1386 615 1436 cecidit
639 1387 691 1435 in
715 1404 885 1452 genua
909 1405 999 1436 sua
1026 1387 1229 1437 dicens:
1273 1396 1302 1415 “
1326 1389 1372 1437 O
1400 1395 1574 1438 sancte
1599 1388 1776 1445 Paule,
1801 1387 2020 1454 parcatis

432 1454 572 1511 mihi,
609 1454 729 1518 quia
764 1454 952 1503 nescivi
988 1455 1102 1519 quis
1137 1456 1284 1504 estis:
1322 1462 1375 1504 et
1410 1473 1532 1520 ergo
1566 1472 1692 1520 rogo
1729 1473 1818 1504 vos
1854 1454 2022 1504 velitis

432 1521 587 1570 deum
613 1537 755 1570 orare
790 1539 879 1587 pro
914 1523 1136 1587 peccatis
1173 1523 1313 1579 meis,
1339 1529 1393 1571 et
1417 1522 1585 1572 velitis
1621 1523 1745 1571 mihi
1782 1523 1901 1571 dare
1929 1539 2021 1587 pro

433 1588 770 1637 valedictione
810 1605 969 1637 unam
1011 1590 1279 1654 specialem
1316 1590 1535 1655 gratiam
1575 1596 1783 1655 propter
1823 1590 2022 1638 deum.”

431 1656 587 1704 Dixit
609 1656 654 1704 ei
679 1662 884 1704 sanctus
920 1657 1142 1705 Paulus:
1180 1657 1380 1706 “Fides
1415 1667 1507 1706 tua
1541 1657 1740 1705 salvum
1771 1663 1825 1704 te
1856 1657 2022 1712 fecit‚”

431 1729 485 1772 et
508 1722 650 1771 dedit
675 1723 719 1771 ei
742 1723 900 1772 talem
923 1724 1155 1788 gratiam,
1177 1730 1230 1772 et
1248 1724 1486 1772 omnibus
1510 1724 1881 1773 successoribus
1905 1723 2022 1780 suis,

431 1791 571 1853 quod
617 1796 831 1855 possunt
889 1807 1063 1839 sanare
1114 1791 1344 1840 homines
1390 1790 1479 1855 qui
1525 1798 1646 1839 sunt
1685 1791 1953 1840 veneficati
1996 1807 2025 1837 a

433 1856 765 1922 serpentibus.
837 1858 911 1906 Et
935 1858 1031 1906 iste
1057 1857 1132 1906 vir
1160 1859 1249 1922 qui
1285 1858 1428 1907 dedit
1453 1858 1576 1907 mihi
1602 1859 1713 1914 hoc,
1741 1865 1817 1907 est
1842 1858 1906 1906 de
1931 1857 2023 1905 tali

433 1923 688 1989 progenie,
730 1924 861 1972 sicut
898 1924 1198 1974 multotiens
1239 1925 1487 1991 probavit.
1583 1925 1725 1990 Ergo
1767 1924 2025 1989 accipiatis

361 2019 377 2050 ς
432 2007 524 2067 pro
567 1991 715 2039 bono.
788 1991 863 2040 Et
909 1991 1110 2041 scribite
1157 1992 1282 2041 mihi
1328 1993 1530 2041 novalia
1576 1993 1639 2042 de
1685 1991 1910 2057 guerris;
1971 1998 2023 2040 et

433 2058 653 2106 mittatis
694 2074 777 2107 me
824 2059 949 2108 scire
990 2076 1054 2106 an
1096 2059 1179 2108 ille
1228 2060 1417 2108 Iurista
1465 2059 1719 2108 lohannes
1766 2058 2024 2108 Reuchlin

433 2125 723 2190 composuit
741 2125 908 2174 adhuc
933 2125 1031 2174 alia
1055 2133 1231 2175 contra
1254 2144 1360 2185 vos,
1379 2126 1499 2191 quia
1523 2126 1760 2192 possibile
1783 2132 1860 2175 est
1884 2127 2025 2190 quod

433 2192 555 2241 fecit
602 2198 810 2258 propter
856 2193 1116 2241 audatiam
1166 2211 1326 2251 suam,
1374 2194 1607 2258 quamvis
1650 2194 1802 2242 nullis
1845 2193 2026 2241 vestiis

434 2259 853 2324 piaecedentibus
889 2260 1161 2309 demeritis.
1236 2232 1336 2309 Sed
1373 2277 1519 2325 spero
1548 2262 1687 2325 quod
1712 2260 1867 2309 etiam
1898 2261 2028 2309 bene

363 2352 397 2384 7*
435 2326 760 2375 confundetis
788 2343 922 2375 eum.
995 2327 1133 2383 Quia
1165 2327 1246 2376 hic
1276 2328 1514 2377 dominus
1541 2329 1615 2376 M.
1645 2328 1709 2376 N.
1739 2328 2027 2376 Hochstrat

433 2393 566 2442 dixit
590 2394 715 2442 mihi
739 2394 879 2458 quod
904 2410 1054 2442 causa
1078 2411 1169 2442 sua
1192 2395 1322 2444 bene
1357 2401 1476 2453 stat,
1502 2401 1556 2444 et
1580 2395 1718 2459 quod
1744 2395 1906 2443 debeo
1930 2394 2027 2442 hoc

433 2460 578 2510 vobis
604 2460 833 2510 scribere.
907 2461 1093 2510 Valete
1118 2462 1320 2511 Romae
1344 2462 1540 2511 datum.

903 2559 930 2579 ⁶⁷
950 2562 1056 2604 remij
1107 2561 1183 2596 Not
1199 2560 1396 2597 elsewhere
1413 2563 1539 2597 found.

1205 3204 1297 3251 172
