2247 3637
196 261 249 300 11.
271 264 339 310 24]
601 248 1061 304 PHILIPPUS
1116 249 1412 305 MESUE

199 360 556 409 verecundiam
576 360 632 407 ?'‘
703 359 776 407 Et
796 375 913 406 cum
940 358 1290 423 indignatione
1316 376 1502 423 magna
1526 359 1706 407 recessi
1731 360 1793 406 ab

198 443 272 475 eo.
346 427 419 474 Et
461 443 581 491 ergo
623 426 811 474 notetis
852 425 991 489 quod
1032 426 1148 473 volo
1190 427 1349 473 redire
1390 427 1440 473 in
1478 427 1791 482 Almaniam,

198 494 318 557 quia
346 494 415 541 ibi
449 493 680 558 magistri
715 500 834 540 sunt
869 493 1078 549 domini,
1117 492 1189 540 Et
1227 492 1423 541 merito.
1498 494 1669 541 Probo
1705 510 1795 557 per

199 561 561 625 Evangelium.
652 560 791 616 Quia
827 560 1060 608 Christus
1095 561 1249 608 etiam
1277 560 1479 607 vocavit
1516 576 1567 608 se
1604 560 1793 624 Magis-
1830 574 1868 604 60

197 634 354 683 trum,
372 634 423 675 et
450 644 552 674 non
577 627 857 683 doctorem,
882 627 1083 675 dicens:
1111 628 1264 674 “Vos
1285 627 1477 675 vocatis
1502 644 1584 674 me
1609 627 1796 690 magis—

198 701 277 742 ter
300 702 353 742 et
377 694 631 749 dominus,
658 700 709 741 et
737 695 864 742 bene
888 694 1084 741 dicitis:
1123 711 1236 742 sum
1262 693 1499 742 etenim.”
1571 693 1672 741 Sed
1693 710 1795 741 non

199 778 407 825 possum
436 761 551 824 plus
576 761 805 817 scribere,
832 761 951 825 quia
979 778 1070 826 pro
1095 778 1230 808 nunc
1261 778 1364 808 non
1391 761 1553 808 habeo
1579 760 1795 825 amplius

199 828 462 892 papirum:
517 834 568 875 et
616 834 691 875 est
740 828 953 892 longum
1001 828 1064 875 ad
1114 829 1371 892 Campum
1420 828 1587 877 florae.
1674 827 1796 875 Vale

199 895 403 943 Datum
439 894 490 941 in
528 895 764 942 Romana
802 896 970 943 Curia.
1833 908 1872 938 65

912 1162 1111 1209 XXIV

361 1296 423 1343 ΙΙ
461 1295 539 1342 M.
578 1295 704 1341 PH
701 1295 739 1341 I
736 1294 829 1342 LI
827 1295 931 1341 PP
938 1296 1031 1342 US
1061 1296 1339 1343 MESUE
1374 1296 1633 1360 Blagestro

773 1362 989 1410 Ortvino
1029 1362 1218 1410 Gratio

274 1500 281 1501 ’
347 1496 665 1544 UMILEM
693 1496 1063 1543 subiectionem
1088 1496 1202 1543 loco
1230 1495 1433 1544 Salutis.
1488 1496 1802 1544 Venerabilis

381 1563 661 1627 Magister:
711 1563 1169 1627 quoniamquidem
1206 1563 1413 1627 promisi
1450 1563 1593 1610 vobis
1631 1564 1802 1611 omnia

200 1631 417 1679 scribere
441 1647 573 1694 quae
593 1630 744 1678 audio
769 1637 821 1678 et
841 1629 988 1678 video
1013 1630 1065 1676 in
1086 1647 1235 1677 causa
1260 1636 1440 1685 vestra,
1463 1647 1595 1693 quae
1619 1631 1802 1678 merito
1838 1652 1856 1681 5

200 1704 413 1746 vocatur
443 1698 612 1746 Causa
644 1697 776 1752 fidei,
810 1697 932 1761 quia
965 1697 1317 1745 universaliter
1350 1697 1610 1745 concernit
1647 1697 1802 1745 fidem

201 1765 467 1813 Cristiana.
541 1765 686 1829 Ergo
720 1765 889 1812 sciatis
921 1765 1060 1827 quod
1096 1765 1265 1829 primo
1295 1763 1502 1839 quando
1536 1765 1652 1812 veni
1685 1764 1801 1822 huc,

198 1839 324 1880 tunc
363 1832 602 1896 Magistri
637 1831 878 1880 dixerunt
914 1831 1069 1879 mihi:
1110 1831 1300 1887 “Quid
1338 1831 1473 1886 novi,
1504 1831 1630 1894 quid
1663 1831 1800 1887 novi,

199 1900 443 1964 magister
458 1899 727 1964 Philippe.
716 1902 732 1934 2
786 1898 929 1955 Quid
954 1899 1074 1946 novi
1099 1899 1162 1946 de
1183 1898 1430 1947 Colonia.
1419 1900 1461 1933 2³
1535 1899 1802 1964 Respondi

199 1968 339 2031 quod
365 1966 491 2014 nihil
516 1984 636 2014 novi
661 1967 763 2014 scio
792 1966 887 2014 nisi
924 1966 1063 2041 quod
1096 1967 1297 2014 noviter
1322 1965 1541 2014 Domini
1573 1966 1802 2031 theologi
1837 1984 1876 2014 10

199 2042 253 2083 et
284 2034 568 2099 Inquisitoi
604 2034 889 2082 haereticae
918 2034 1186 2098 pravitatis
1222 2034 1285 2081 de
1320 2033 1516 2081 Ordine
1544 2034 1800 2097 praedica-

198 2109 373 2150 torum
422 2103 814 2150 combusserunt
861 2117 1025 2148 unum
1068 2101 1256 2148 librum
1306 2101 1664 2150 haereticalem
1712 2101 1801 2165 qui

199 2169 495 2217 intitulatur
544 2168 871 2234 “Speculum
927 2168 1148 2216 Oculare
1201 2169 1447 2216 Iohannis
1496 2168 1803 2216 Reuchlin.'’

201 2236 492 2300 Respondit
530 2237 782 2301 Magister
817 2236 1075 2284 Ecbertus
1115 2235 1178 2283 de
1216 2236 1449 2292 Harlem‚
1488 2235 1577 2300 qui
1614 2242 1692 2283 est
1727 2236 1803 2283 vir

200 2303 383 2351 doctus
404 2310 456 2351 et
480 2303 683 2367 probus.
743 2303 816 2351 Et
834 2302 1032 2351 debetis
1053 2302 1179 2350 mihi
1206 2303 1407 2351 credere
1432 2303 1570 2367 quod
1595 2320 1699 2351 non
1724 2309 1801 2350 est
1837 2319 1875 2349 15

199 2370 441 2435 partialis.
516 2371 633 2435 Ipse
672 2370 836 2418 dixit:
880 2370 1009 2418 bene
1045 2370 1335 2418 audivimus
1371 2370 1451 2417 hic
1488 2370 1626 2433 quod
1663 2386 1800 2417 com-

200 2439 473 2486 busserunt
497 2438 643 2485 illum
669 2438 856 2485 librum
879 2454 888 2484 ε
927 2437 1014 2485 sed
1038 2437 1194 2485 etiam
1219 2437 1509 2485 audivimus
1534 2436 1671 2501 quod
1696 2453 1800 2484 non

200 2506 374 2553 debite
398 2511 450 2552 et
476 2506 612 2552 iusto
637 2505 792 2552 modo
818 2511 1173 2569 processerunt
1203 2505 1254 2551 in
1284 2505 1368 2552 illa
1394 2521 1557 2559 causa,
1584 2511 1636 2551 et
1662 2521 1798 2551 com-

200 2573 450 2621 miserunt
496 2572 783 2620 maximum
840 2572 1154 2628 scandalum,
1205 2572 1324 2636 quia
1372 2588 1462 2619 nos
1514 2571 1594 2617 hic
1642 2571 1798 2618 etiam

200 2640 423 2688 vidimus
482 2639 641 2688 talem
692 2639 896 2697 librum,
945 2646 998 2687 et
1049 2656 1153 2686 non
1203 2638 1404 2686 videtur
1458 2637 1604 2685 nobis
1659 2638 1798 2701 quod
1834 2653 1873 2682 20

200 2707 455 2756 haeretica
479 2707 704 2771 pravitas
730 2707 874 2755 inest.
949 2707 1050 2754 Sed
1077 2707 1215 2771 quod
1241 2712 1318 2753 est
1342 2706 1520 2761 maim,
1547 2704 1799 2769 Theologi

201 2773 454 2822 dederunt
487 2774 809 2822 Sententiam
842 2774 1048 2838 quando
1081 2790 1231 2820 causa
1266 2773 1522 2837 pendebat
1555 2772 1606 2819 in
1644 2772 1799 2820 Curia

201 2843 456 2897 Romana,
476 2848 528 2888 et
549 2841 909 2889 Sanctissimus
930 2840 1188 2889 commisit
1207 2839 1347 2886 illam
1366 2839 1566 2886 duobus
1587 2839 1798 2887 Cardin-

250 2940 259 2961 ¹
287 2942 414 2973 Mesua.
457 2939 535 2974 The
546 2952 653 2974 name
672 2939 792 2974 would
805 2941 849 2975 be
861 2941 965 2974 fami·
1084 2938 1111 2957 ¹⁴²
1135 2941 1323 2974 Ecbertus:
1366 2939 1502 2972 Rector
1536 2939 1578 2972 of
1613 2938 1677 2974 the
1712 2939 1800 2973 Uni-

200 2987 284 3029 liar,
303 2998 342 3020 as
360 2987 425 3021 the
443 2987 645 3021 mediaeval
672 2987 964 3022 transliteration
1034 2988 1170 3030 versity
1189 2987 1229 3020 of
1244 2986 1405 3019 Rostock
1425 2987 1463 3019 in
1484 2986 1585 3021 1517.

202 3035 244 3069 of
266 3034 450 3067 Yi‘ihannfi
473 3034 535 3067 ibn
562 3034 774 3076 Masawaih,
793 3046 839 3068 an
865 3034 965 3068 Arab
1083 3033 1109 3051 ²³
1136 3036 1277 3067 Cardin.
1295 3045 1306 3066 .·
1334 3032 1524 3066 Cardinals
1541 3032 1708 3067 Grimani
1726 3034 1798 3068 and

203 3082 325 3115 writer
350 3092 398 3114 on
425 3080 624 3122 Medicine,
644 3092 754 3125 many
780 3081 822 3114 of
845 3081 965 3115 whose
1036 3081 1158 3115 Pietro
1177 3079 1333 3113 Accolti.

202 3128 321 3163 works
340 3139 433 3162 were
451 3126 656 3161 translated
674 3128 752 3161 into
771 3128 889 3161 Latin.

966 3189 1059 3230 183
