2247 3637
267 270 411 321 11.64]
471 261 971 317 VOLWINIUS
1014 261 1127 316 DE
1172 257 1861 317 MONTEFLASCON

267 367 541 416 Donatum
577 369 860 416 secundum
898 369 1033 417 viam
1070 369 1232 416 sancti
1268 368 1501 415 Thomae
1549 373 1600 415 et
1649 365 1859 430 regulae

264 434 675 499 grammaticales
723 437 1007 484 secundum
1048 435 1185 483 viam
1228 435 1560 497 antiquorum
1602 450 1721 481 cum
1763 433 1862 481 isto

268 503 489 550 carmine
510 522 518 551 :

627 570 811 619 Accipias
832 573 936 607 tanti
957 570 1131 606 doctoris
1150 569 1342 618 dogmata
1363 571 1501 613 sancti,

265 669 398 716 inter
416 667 549 732 ipsos
569 668 822 725 monachi,
842 668 930 732 qui
948 667 1131 716 volunt
1150 666 1273 714 alios
1293 682 1491 729 semper
1510 665 1673 712 facere
1693 665 1860 714 haere-

265 735 407 784 ticos.
437 734 612 790 Quare
627 736 782 784 etiam
800 752 902 783 non
919 733 1189 783 stimulant
1204 750 1353 798 super
1368 733 1558 789 illos,et
1571 733 1863 796 producunt

266 801 648 865 inquisitionem
686 820 838 867 super
873 819 958 850 eos
994 818 1145 866 super
1180 800 1435 848 haeretica
1469 800 1736 865 pravitate,
1775 799 1863 863 qui

266 869 458 916 habent
493 875 574 917 tot
599 870 766 917 multa
791 869 1051 924 beneficia,
1078 885 1210 916 unus
1236 885 1338 923 sex,
1366 867 1494 914 alter
1518 867 1711 922 decem,
1737 866 1864 914 alius

267 936 450 1001 viginti
484 943 536 985 et
569 938 731 1001 magis
761 943 813 985 et
846 941 1159 1000 congregant
1192 941 1302 982 tam
1327 934 1547 982 multam
1573 934 1862 998 pecuniam,

267 1010 320 1052 et
355 1010 558 1051 tantam
596 1003 906 1052 credentiam
943 1020 1006 1050 ex
1042 1002 1261 1050 flasculis
1297 1008 1350 1050 et
1378 1002 1572 1066 poculis
1601 1001 1863 1065 pecheriis,

267 1071 399 1118 sicut
436 1072 475 1118 si
512 1077 679 1119 essent
708 1071 798 1118 filii
828 1070 1117 1135 principum
1143 1069 1224 1117 vel
1249 1069 1514 1125 comitum,
1540 1074 1592 1116 et
1624 1068 1677 1116 in
1708 1068 1864 1116 domo

267 1137 485 1185 nutriuit
520 1144 737 1202 putanas
767 1138 872 1185 sive
902 1137 1209 1185 concubinas
1242 1136 1465 1201 preciose
1490 1153 1608 1183 cum
1637 1135 1864 1183 cathenis

266 1205 318 1253 in
345 1204 491 1261 collo,
519 1222 636 1252 cum
661 1205 861 1252 annulis
894 1204 946 1252 in
977 1204 1227 1259 manibus,
1255 1220 1373 1251 cum
1406 1202 1609 1251 schubis
1634 1202 1794 1250 veluti
1824 1202 1864 1250 si

266 1279 435 1320 essent
460 1288 642 1320 uxores
667 1272 906 1320 militum.
957 1272 1031 1320 Et
1046 1271 1307 1320 interdum
1333 1287 1464 1318 unus
1489 1269 1693 1317 illorum
1709 1270 1863 1318 habet

265 1346 367 1387 tres
406 1340 660 1388 Canonias
696 1340 848 1387 simul
884 1345 937 1387 et
973 1339 1144 1396 semel,
1185 1344 1238 1386 et
1273 1338 1497 1385 imbusat
1530 1338 1592 1384 de
1625 1337 1862 1385 omnibus

266 1406 362 1454 illis
387 1406 550 1454 tribus
575 1406 742 1471 giltas,
759 1406 897 1470 quod
917 1406 1035 1453 inde
1055 1412 1226 1470 potest
1252 1405 1436 1453 habere
1460 1404 1651 1452 multas
1669 1404 1861 1461 zechas‚

266 1473 340 1521 Et
375 1480 548 1538 potest
585 1474 752 1521 solum
789 1480 921 1522 stare
957 1480 1009 1521 et
1042 1489 1149 1521 esse
1177 1472 1231 1519 in
1260 1489 1364 1520 uno
1394 1472 1562 1527 choi-0,
1589 1478 1641 1520 et
1670 1471 1722 1518 in
1755 1471 1863 1519 aliis

265 1557 382 1588 non.
458 1540 532 1588 Et
564 1541 632 1589 sic
666 1542 717 1588 in
750 1540 857 1588 aliis
889 1540 1051 1588 choris
1076 1539 1247 1588 nullus
1272 1546 1325 1587 et
1350 1555 1504 1587 nemo
1530 1545 1633 1585 stat
1659 1555 1750 1602 pro
1776 1538 1861 1595 eis,

265 1608 353 1672 qui
390 1607 566 1655 laudat
601 1609 758 1656 deum
796 1614 848 1656 et
886 1614 1033 1671 rogat
1070 1624 1161 1671 pro
1199 1606 1325 1654 vivis
1363 1612 1415 1654 et
1452 1623 1543 1670 pro
1579 1606 1862 1654 defunctis:

266 1681 410 1723 estne
449 1675 545 1723 hoc
581 1678 754 1723 recte?
824 1674 998 1730 Quare
1031 1691 1134 1721 non
1167 1674 1495 1737 inquiruntur
1520 1689 1669 1737 super
1693 1690 1777 1721 eos
1811 1680 1864 1721 et

265 1742 585 1806 interrogant
601 1759 769 1790 coram
791 1742 968 1789 multis
987 1741 1193 1789 notariis
1211 1747 1263 1788 et
1282 1740 1460 1788 multis
1474 1740 1694 1787 testibus
1712 1740 1864 1801 (sicut

265 1809 388 1857 olim
413 1810 465 1857 in
489 1810 667 1857 Mentz
695 1810 948 1867 fecerunt)
967 1815 1018 1856 et
1044 1808 1224 1856 dicunt
1242 1816 1252 1834 ⁶
1270 1807 1394 1873 quid
1419 1806 1656 1855 creditis?
1692 1807 1765 1855 ita
1784 1808 1864 1855 vel

263 1879 395 1924 non?
412 1876 613 1924 creditis
631 1877 709 1924 vel
727 1894 829 1924 non
847 1875 1075 1924 creditis?
1101 1876 1225 1939 quid
1241 1875 1444 1923 creditis
1459 1875 1523 1922 de
1538 1875 1864 1922 sacramentis

264 1944 318 1992 in
354 1944 562 1992 ecclesia
598 1945 715 1993 dei?
785 1943 988 1991 Dicatis
1026 1943 1171 1991 nobis
1208 1949 1336 2007 quot
1373 1948 1492 1989 sunt
1529 1949 1861 1998 sacramenta,

264 2017 316 2059 et
353 2028 509 2074 quam
546 2012 702 2059 fidem
738 2011 790 2058 in
828 2011 977 2059 corde
1002 2017 1171 2058 vestro
1207 2009 1421 2074 portatis
1450 2010 1513 2056 de
1546 2016 1864 2057 sacramento

265 2078 628 2127 eucharistiae:
672 2086 816 2127 estne
852 2079 922 2126 ibi
959 2095 1141 2143 corpus
1177 2084 1229 2125 et
1266 2076 1470 2141 sanguis
1510 2076 1736 2124 Christi?
1809 2077 1862 2124 Si

266 2146 484 2202 creditiS,
501 2146 706 2210 quando
725 2163 846 2210 ergo
864 2152 1140 2210 postquam
1166 2146 1372 2193 missam
1388 2143 1581 2207 legistis
1601 2144 1660 2206 (si
1680 2143 1862 2192 saltem

265 2211 317 2259 in
342 2229 476 2260 anno
502 2213 658 2261 semel
676 2213 907 2277 legistis),
925 2213 1101 2260 statim
1121 2213 1326 2276 quando
1347 2212 1409 2258 ad
1434 2212 1648 2259 domum
1674 2211 1862 2258 iterum

265 2279 466 2336 vaditis,
485 2281 768 2328 concubina
786 2287 954 2328 vestra
979 2280 1170 2327 habens
1187 2295 1354 2327 mores
1374 2285 1426 2326 et
1446 2278 1735 2343 inspectum
1762 2278 1862 2326 acsi

265 2352 397 2395 esset
434 2363 536 2394 una
567 2348 823 2403 meretrix,
850 2347 1116 2395 vobiscum
1141 2346 1193 2393 in
1218 2347 1372 2394 domo
1398 2346 1478 2393 vel
1503 2345 1556 2392 in
1581 2361 1757 2392 mensa
1780 2345 1863 2392 vel

266 2414 317 2461 in
354 2430 554 2462 camera
589 2416 688 2477 [est
723 2414 908 2470 hilaris,
934 2414 1084 2471 ludit,
1109 2413 1320 2469 iocatur,
1347 2420 1399 2460 et
1434 2413 1608 2460 taliter
1644 2411 1862 2476 qualiter

264 2481 387 2528 facit
424 2484 580 2544 ete.]?
616 2482 794 2530 dicatis
830 2483 976 2529 nobis
1012 2482 1050 2529 si
1085 2480 1286 2529 creditis
1316 2481 1442 2528 adeo
1474 2496 1722 2544 magnum
1756 2495 1862 2527 esse

265 2548 521 2597 fructum:
561 2549 635 2596 Et
671 2549 758 2613 qui
794 2550 890 2597 deo
925 2549 1108 2615 placet,
1146 2565 1209 2596 ex
1246 2548 1411 2603 missa,
1439 2547 1568 2595 sicut
1605 2547 1657 2593 in
1693 2546 1860 2593 decre-

264 2615 453 2663 talibus
479 2622 532 2664 et
556 2617 608 2663 in
632 2616 936 2664 tractatibus
962 2615 1346 2680 Theologorum
1373 2621 1502 2662 stat:
1541 2613 1715 2668 Quare
1741 2629 1862 2677 ergo

266 2698 356 2730 vos
382 2682 578 2730 habetis
603 2689 684 2731 tot
711 2683 971 2739 beneficia,
997 2700 1129 2748 quae
1159 2689 1368 2746 possent
1392 2681 1619 2744 quinque
1649 2686 1739 2727 aut
1773 2696 1861 2727 sex

265 2749 478 2797 devotos
494 2751 778 2799 sacerdotes
795 2757 1080 2799 sustentare
1088 2750 1176 2814 qui
1191 2750 1409 2797 libenter
1425 2749 1654 2811 legerent
1669 2747 1859 2801 missas,

265 2814 353 2878 qui
377 2815 557 2864 libenti
583 2818 753 2865 animo
777 2819 1005 2867 facerent
1029 2815 1431 2882 praedicationes
1457 2815 1518 2861 ad
1539 2813 1789 2878 populum
1809 2820 1862 2861 et

265 2882 329 2929 ad
355 2882 562 2939 clerum,
589 2885 677 2947 qui
702 2892 911 2949 possent
937 2886 1056 2932 dare
1082 2883 1288 2932 consilia
1310 2899 1402 2947 pro
1428 2881 1618 2928 honore
1648 2880 1744 2936 dei,
1769 2897 1862 2944 pro

311 2996 340 3017 ⁵⁰
364 3011 459 3034 non:
477 3000 633 3045 perhaps
651 3001 708 3035 for
727 3013 796 3036 nos.
1145 2998 1174 3017 ⁶⁶
1191 3002 1335 3033 Mentz:
1360 2998 1543 3074 rgferring
1567 3002 1606 3032 to
1631 2997 1696 3033 the
1720 3010 1802 3034 case
1827 2999 1869 3034 of

310 3065 339 3086 ⁵⁶
1100 3046 1243 3127 Rlfflglggtl
1251 3045 1329 3126 azill-
1376 3044 1614 3126 *lfliiel'u‘iolide-
1629 3092 1666 3125 in
1694 3092 1864 3128 brackets

364 3140 442 3173 imb.
458 3150 470 3173 .·
488 3139 544 3173 for
562 3140 744 3174 imbursat.
1100 3151 1194 3175 were
1211 3139 1374 3173 inserted
1391 3139 1429 3172 in
1447 3138 1510 3173 the
1529 3139 1611 3175 edu.
1633 3139 1674 3174 of
1690 3140 1790 3174 1599.

1028 3201 1120 3246 271

364 3073 429 3103 nat
452 3081 465 3103 .·
481 3069 538 3103 for
555 3072 655 3103 nutri
660 3075 731 3105 unt.

311 3136 339 3156 59

1899 385 1937 415 4⁵

1901 751 1940 781 50

1901 1086 1940 1115 55

1901 1419 1939 1449 60

1902 2090 1939 2121 70

1900 2424 1937 2454 75

1898 2763 1936 2792 80
