2247 3637
342 655 399 686 145

343 989 401 1019 150

344 1321 401 1351 155

346 1660 403 1690 160

347 1992 406 2022 165

352 2329 408 2360 170

441 261 906 317 EPISTOLAE
969 261 1563 320 OBSGURORUM
1618 261 2027 318 VIRORUM

430 367 719 432 Virgilius.”
791 369 1082 433 Respondi:
1134 370 1323 427 “Quid
1371 387 1492 419 curo
1538 370 1684 418 illum
1731 372 2029 434 paganum?

431 435 542 483 Nos
602 435 840 484 volumus
898 435 969 484 ire
1026 436 1090 484 ad
1138 437 1427 485 Carmilitas
1475 443 1526 485 et
1574 436 1745 485 videre
1792 436 2029 500 Bapstita

437 502 692 549 Matuanfi
724 502 812 566 qui
841 503 892 550 in
926 503 1085 567 duplo
1117 510 1195 552 est
1226 504 1404 553 melior
1428 520 1584 567 quam
1609 502 1871 567 Virgilius,
1897 503 2031 551 sicut

434 585 530 633 ego
546 568 717 616 audivi
734 570 862 617 bene
881 570 1048 619 decies
1067 570 1131 618 ab
1152 571 1418 619 Ortvino.'’
1457 571 1530 618 Et
1547 570 1653 618 dixi
1670 569 1730 625 ei,
1749 570 2029 626 Quomodo

437 635 595 684 semel
630 636 1020 700 reprehendistis
1044 638 1332 694 Donatum,
1358 638 1564 701 quando
1588 637 1740 685 dicit:
1778 645 1806 664 ‘⁶
1825 637 2031 685 Doctis-

439 702 596 751 simus
628 709 896 768 poetarum
928 704 1029 752 fuit
1059 704 1297 769 Virgilius
1323 705 1404 752 vel
1428 704 1654 769 optimus
1678 703 1884 768 plebis.”
1956 703 2030 751 Et

433 769 631 818 dixistis
680 770 830 819 “Sed
887 777 1020 819 esset
1066 771 1306 820 Donatus
1365 772 1461 828 hic,
1510 787 1604 835 ego
1653 771 1838 819 vellem
1885 770 1930 818 ei
1977 770 2029 818 in

432 837 615 885 faciem
640 837 805 885 dicere
829 838 969 901 quod
994 838 1272 886 mentitur:
1308 838 1428 902 quia
1454 838 1686 903 Baptista
1712 838 2030 886 Mantuanus

434 910 511 952 est
536 921 686 968 super
710 904 1030 968 Virgilium.’‘
1087 905 1160 953 Et
1185 906 1391 969 quando
1416 906 1647 953 venimus
1667 905 1730 952 ad
1749 904 2029 953 claustrum

437 971 847 1028 Carmelitarum‚
894 971 1160 1020 dicebatur
1219 972 1363 1020 nobis
1409 973 1548 1037 quod
1598 972 1832 1036 Baptista
1879 972 2029 1019 Man-

433 1044 624 1086 tuanus
656 1044 733 1086 est
766 1044 1015 1087 mortuus.
1088 1039 1237 1087 Tunc
1265 1039 1371 1087 dixi
1397 1048 1425 1067 ‘⁶
1444 1039 1756 1104 Requiescat
1786 1039 1839 1086 in
1863 1039 2030 1103 pace.”

436 1104 642 1152 Deinde
684 1104 916 1153 venimus
958 1106 1022 1153 ad
1065 1106 1367 1163 Bononiam,
1404 1106 1492 1154 ubi
1533 1106 1632 1154 fuit
1670 1105 2030 1154 Sanctissimus

435 1178 488 1220 et
507 1172 664 1219 etiam
683 1188 772 1220 rex
793 1172 1052 1220 Franciae.
1128 1172 1207 1220 Ibi
1228 1174 1516 1222 audivimus
1541 1173 1748 1222 missam
1766 1172 2029 1238 Papalem,

434 1244 487 1286 et
520 1238 808 1303 accepimus
833 1239 1023 1287 multas
1047 1239 1390 1305 indulgentias
1415 1258 1505 1306 pro
1531 1241 1769 1289 omnibus
1793 1240 2030 1305 peccatis,

435 1311 543 1353 tam
591 1306 872 1354 venialibus
920 1323 1076 1370 quam
1124 1307 1439 1363 mortalibus,
1477 1314 1528 1356 et
1576 1308 1790 1356 fecimus
1837 1307 2030 1354 confes-

435 1372 643 1420 sionem.
714 1374 863 1422 Tunc
887 1373 987 1420 fuit
1013 1374 1080 1421 ibi
1108 1374 1438 1423 Reverendus
1462 1382 1607 1440 pater
1632 1376 1787 1422 frater
1814 1375 2031 1422 Iacobus

435 1439 498 1487 de
520 1440 875 1489 Hochstraten
902 1440 1152 1505 Magister
1177 1449 1350 1490 noster
1375 1449 1429 1490 et
1454 1442 1725 1506 inquisitor
1750 1440 2032 1490 haereticae

435 1506 714 1571 pravitatis.
776 1508 849 1555 Et
864 1524 960 1572 ego
977 1507 1153 1556 videns
1169 1526 1288 1556 eum
1303 1508 1437 1557 dixi:
1469 1518 1496 1535 ‘⁴
1517 1510 1563 1557 O
1584 1515 1727 1574 pater
1742 1508 2031 1563 reverende,

436 1573 560 1637 quid
607 1574 907 1622 excellentia
955 1580 1121 1623 vestra
1162 1575 1284 1623 facit
1325 1575 1440 1624 hic?
1513 1576 1630 1640 Ego
1672 1575 1852 1640 putavi
1893 1575 2032 1639 quod

437 1640 556 1688 estis
605 1641 849 1690 Romae.’'
943 1642 1091 1689 Tunc
1139 1643 1257 1690 dedi
1315 1642 1359 1691 ei
1418 1643 1515 1691 lras
1575 1649 1766 1691 vestras
1825 1649 1877 1690 et
1934 1643 2033 1690 lfas

440 1708 676 1771 Magistri
718 1708 878 1756 nostri
918 1709 1140 1757 Arnoldi
1179 1710 1241 1757 de
1279 1710 1534 1774 Tungari:
1586 1711 1734 1757 Tunc
1771 1709 2034 1774 respondit

437 1774 562 1822 mihi
602 1775 741 1838 quod
783 1775 896 1823 vult
936 1775 1208 1841 impetrare
1248 1793 1337 1841 per
1377 1793 1550 1841 regem
1593 1777 1852 1833 Franciae,
1895 1776 2033 1840 quod

438 1841 696 1889 Reuchlin
754 1842 908 1891 debet
966 1843 1206 1891 declarari
1264 1844 1576 1892 haereticus:
1636 1844 1709 1891 Et
1768 1844 2034 1908 speculum

440 1907 660 1957 Oculare
684 1909 839 1958 debet
863 1910 1106 1959 comburi.
1169 1911 1491 1975 Interrogavi
1516 1917 1692 1960 autem
1713 1927 1831 1958 eum
1851 1927 1860 1958 :
1900 1918 1927 1937 ‘⁶
1948 1911 2033 1958 In-

438 1974 626 2039 telligit
649 1982 774 2023 tunc
798 1976 954 2025 etiam
981 1977 1097 2026 Rex
1122 1977 1273 2025 istam
1299 1978 1565 2026 materiam
1584 1981 1601 2026 ἓ
1618 1978 1640 1995 ”
1713 1977 2032 2042 Respondit:

439 2041 638 2090 “Licet
684 2043 790 2106 ipse
836 2060 939 2091 non
985 2044 1227 2109 intelligit
1260 2061 1349 2110 per
1385 2061 1452 2101 se,
1488 2052 1662 2093 tamen
1698 2044 1948 2108 Theologi
1983 2044 2035 2093 in

440 2108 658 2157 Parrisia
703 2111 1057 2159 instruxerunt
1104 2129 1237 2160 eum.
1310 2111 1384 2159 Et
1432 2112 1689 2161 confessor
1735 2128 1857 2160 suus
1902 2112 1971 2159 W
1977 2111 2034 2158 il-

439 2176 640 2224 helmus
688 2177 856 2233 Parvi,
903 2178 992 2241 qui
1046 2184 1122 2226 est
1171 2178 1245 2226 vir
1291 2179 1501 2234 zelosus,
1549 2178 1681 2227 dixit
1728 2179 1771 2227 ei
1820 2178 1870 2226 in
1920 2195 2034 2226 con-

440 2243 657 2292 fessione
689 2244 828 2308 quod
860 2261 965 2292 non
997 2246 1110 2293 vult
1143 2263 1262 2294 eum
1294 2246 1556 2295 absolvere
1590 2246 1685 2294 nisi
1721 2245 1834 2293 vult
1870 2246 2036 2294 facere

443 2327 561 2359 cum
587 2310 729 2376 Papa
752 2312 891 2374 quod
918 2312 1174 2360 Reuchlin
1198 2312 1540 2361 declarabitur
1563 2312 1893 2361 hae1·eticuS.'’
1962 2312 2037 2361 Et

442 2377 645 2441 gavisus
689 2394 802 2425 sum
846 2378 993 2427 valde
1035 2385 1086 2427 et
1128 2379 1234 2428 dixi
1273 2380 1410 2428 “det
1450 2380 1689 2428 dominus
1731 2380 1856 2428 deus
1897 2379 2036 2443 quod

442 2445 532 2492 fiat
569 2445 851 2492 secundum
899 2445 1054 2493 verba
1103 2447 1317 2495 vestra.'’
1389 2446 1463 2494 Et
1510 2447 1681 2495 inveni
1729 2447 1798 2495 ibi
1845 2446 2037 2494 multos

444 2511 742 2560 Curtisanos
784 2511 909 2559 mihi
950 2519 1115 2569 notos,
1157 2519 1210 2562 et
1251 2512 1464 2562 invitavi
1506 2530 1591 2562 eos
1632 2514 1696 2561 ad
1738 2512 2033 2577 hospitium.

493 2662 749 2708 1421))(ιμυίί8ίαηι
774 2667 1009 2700 Mantuauum
1023 2678 1035 2701 :
1053 2667 1210 2701 loannes
1277 2667 1516 2713 philosophus
1536 2668 1703 2713 insignis,
1723 2673 1830 2714 poeta
1854 2674 1891 2703 et
1915 2674 2040 2704 orator

449 2712 613 2757 Baptista
625 2712 1211 2758 Hispauiolus(Spaguoli)‚1488—
1277 2714 1537 2749 celeberrimus
1575 2741 1582 2748 .
1622 2742 1629 2750 .
1668 2740 1676 2748 .
1714 2715 1865 2750 Latinae
1890 2715 2039 2761 linguae

450 2760 552 2801 1516,
565 2770 587 2792 a
604 2760 727 2794 native
745 2760 787 2793 of
801 2760 955 2794 Mantua
970 2770 979 2801 3
996 2765 1035 2794 at
1047 2772 1094 2794 au
1109 2760 1209 2806 early
1278 2762 1403 2805 decus,
1430 2766 1468 2796 et
1500 2762 1661 2797 Graecae
1690 2762 1811 2796 clarus
1841 2764 2037 2809 interpres,

446 2817 515 2850 age
527 2806 574 2840 he
582 2805 709 2850 joined
722 2807 787 2841 the
799 2807 969 2842 Orderof
978 2807 1209 2851 carmelites,
1278 2812 1397 2842 metro
1445 2808 1630 2843 excellens
1677 2814 1715 2844 et
1763 2811 1899 2855 prosa.''
1970 2810 2039 2844 His

447 2853 519 2886 and
538 2864 619 2887 rose
635 2857 674 2888 to
692 2853 736 2887 be
752 2853 816 2889 the
834 2854 927 2889 head
945 2854 987 2888 of
1001 2854 1085 2888 that
1101 2855 1208 2900 body.
1279 2855 1397 2889 works
1410 2867 1503 2890 were
1515 2855 1709 2901 published
1721 2861 1760 2890 at
1772 2856 1872 2891 Paris
1884 2857 1921 2891 in
1938 2857 2037 2892 1513.

452 2899 630 2944 Baptista,
660 2900 741 2935 who
773 2901 803 2934 is
835 2901 912 2935 said
946 2905 985 2935 to
1017 2901 1109 2936 have
1141 2901 1212 2936 left
1326 2900 1369 2920 ¹⁵²
1389 2904 1604 2937 Bononiam:
1628 2902 1807 2948 Bologna.

450 2948 583 2988 55,000
641 2958 777 2990 verses,
837 2949 866 2981 is
929 2947 1210 2994 extravagautly
1326 2947 1369 2967 ¹⁵²
1384 2952 1498 2983 »δἀησί.
1522 2954 1553 2984 et
1579 2961 1652 2984 rem.
1701 2950 1790 2984 This
1815 2951 1979 2996 meeting
2003 2950 2045 2984 of

449 2992 638 3035 eulogised
664 2994 712 3039 by
736 2994 767 3027 T
769 2995 963 3029 rithemius
986 2995 1071 3038 (Ser.
1103 2997 1208 3038 Eccl„
1282 2995 1353 3029 Leo
1382 2996 1426 3029 X.
1456 2996 1529 3030 and
1555 2996 1727 3044 Francois
1754 2998 1780 3031 1.
1807 2997 1896 3031 took
1922 2997 2039 3042 place,

453 3050 485 3083 p.
516 3040 624 3083 387):
660 3040 764 3075 “Vir
794 3042 831 3075 in
861 3042 994 3076 (livinis
1019 3043 1211 3087 scripturis
1280 3042 1461 3085 however,
1491 3044 1529 3076 in
1559 3043 1645 3077 Dee.
1678 3044 1781 3086 1515,
1810 3045 1882 3078 aud
1916 3044 2042 3079 before

449 3086 719 3120 eruditissimus
741 3092 780 3122 et
801 3089 838 3122 in
864 3088 1083 3123 secularium
1108 3088 1212 3123 liter·
1279 3089 1345 3124 the
1361 3090 1470 3124 death
1489 3090 1531 3124 of
1546 3090 1650 3136 Bapt.
1670 3090 1786 3125 Mant.

449 3143 553 3166 arum
587 3134 738 3168 scientia
772 3134 865 3169 nulli
895 3136 1076 3170 secundus
1109 3161 1117 3169 .
1156 3162 1163 3170 .
1202 3162 1210 3170 .
1328 3135 1368 3155 ¹⁸⁷
1398 3138 1496 3170 Wilh.
1519 3138 1647 3175 Pam-..⁰
1672 3138 1692 3171 i.
1712 3140 1771 3181 35,
1790 3149 1823 3171 η.

1210 3197 1304 3239 162
