2247 3637
874 530 928 577 X
935 530 1076 577 XXI
1086 530 1140 576 X

204 665 268 712 11
318 664 621 712 NICOLA
637 665 731 712 Πὸ*
783 665 833 712 L
845 664 967 713 UM
964 665 1000 711 I
999 665 1110 711 NA
1128 665 1161 711 '1
1166 664 1320 711 'ORI
1318 664 1363 711 S
1420 663 1465 711 (Z.
1539 664 1613 710 M
1608 664 1800 728 agzletro

374 731 589 779 Ortvino
626 738 697 779 tot
731 731 915 780 salutes·
938 732 1101 788 mittit,
1127 737 1246 795 quot
1282 731 1335 778 z’n
1373 747 1474 778 uno
1513 748 1647 779 amco
1685 749 1797 779 oms-

373 804 559 844 ‹mztnr
583 798 758 847 culices
781 805 827 847 et
842 797 1036 862 pulice-s·

299 931 738 979 CIENTIFICE
791 938 1089 997 praeceptor
1126 932 1368 996 magister
1407 932 1654 980 Ortvine:
1703 949 1798 997 ego

331 999 563 1063 significo
590 1000 734 1047 vobis
763 1000 931 1064 plures
956 1005 1141 1064 g1·ateS‚
1167 1016 1322 1063 quam
1356 999 1518 1047 habeo
1551 999 1711 1047 crines
1746 1000 1796 1048 in

203 1083 412 1130 corpore
428 1083 558 1122 ineo,
575 1067 714 1131 quod
739 1066 947 1114 dedistis
966 1066 1090 1114 mihi
1110 1067 1379 1114 consilium
1397 1067 1536 1130 quod
1556 1067 1797 1115 deberem

201 1133 463 1182 ambulare
488 1135 551 1181 ad
577 1134 846 1182 Coloniam
871 1151 962 1198 pro
987 1134 1157 1182 studio
1182 1134 1244 1181 ad
1270 1134 1474 1182 bursam
1500 1134 1795 1183 Laurentii:

201 1207 346 1264 pater
387 1218 532 1250 meus
569 1202 670 1249 fuit
711 1201 906 1265 optime
942 1207 1230 1257 contentus,
1268 1207 1320 1248 et
1362 1201 1504 1249 dedit
1540 1201 1664 1249 mihi
1706 1202 1792 1249 .X.

203 1267 435 1325 florenos,
479 1275 531 1317 et
572 1269 699 1316 emit
741 1268 864 1315 mihi
912 1285 1071 1316 unam
1120 1285 1363 1332 magnam
1412 1285 1627 1332 cappam
1676 1285 1795 1316 cum

203 1334 422 1399 liripipio
460 1336 593 1400 nigri
636 1336 830 1384 coloris.
906 1335 970 1382 In
1008 1334 1173 1400 primo
1216 1335 1297 1383 die
1334 1336 1540 1399 quando
1578 1336 1695 1383 veni
1731 1336 1794 1383 ad

202 1402 607 1459 universitatem,
645 1409 698 1451 et
733 1402 944 1467 deposui
977 1401 1217 1450 beanium
1254 1402 1306 1449 in
1342 1403 1601 1467 praedicta
1626 1403 1793 1458 bursa,

200 1475 328 1518 tunc
366 1470 518 1520 didici
551 1487 715 1518 unum
740 1469 981 1526 notabile,
1008 1470 1147 1533 quod
1172 1486 1276 1517 non
1301 1470 1485 1517 vellem
1511 1486 1678 1518 carere
1702 1486 1794 1534 pro

165 1586 167 1589 ,
203 1538 291 1585 .X.
327 1537 466 1586 albis.
541 1538 770 1594 Quidam
805 1543 958 1602 poeta
992 1537 1328 1584 Hermannus
1366 1536 1619 1585 Buschius
1653 1537 1795 1585 venit

201 1604 266 1652 ad
294 1604 445 1652 istam
479 1604 681 1652 bursam
711 1621 830 1652 cum
866 1620 957 1651 suo
994 1604 1204 1667 negotio
1241 1604 1304 1651 ad
1336 1620 1500 1651 unum
1529 1611 1794 1668 regentem

200 1671 557 1720 collateralem.
648 1672 796 1719 Tunc
822 1671 905 1718 ille
931 1670 1175 1735 magister
1198 1671 1293 1719 sibi
1318 1688 1530 1719 manum
1555 1688 1716 1728 suam,
1742 1678 1794 1719 et

199 1739 401 1803 excepit
449 1756 567 1787 eum
615 1737 1014 1788 reverentialiter
1050 1738 1254 1786 dicens:
1293 1738 1495 1786 “Unde
1537 1739 1662 1786 mihi
1699 1739 1794 1787 hoc

196 1806 337 1870 quod
379 1813 544 1854 mater
581 1806 775 1855 domini
802 1805 943 1854 venit
983 1805 1047 1853 ad
1088 1807 1250 1854 me?”
1321 1805 1395 1853 Et
1432 1805 1683 1854 Buschius
1718 1823 1794 1855 re—

196 1873 434 1938 spondit:
478 1882 505 1899 ‘⁶
526 1874 579 1921 Si
621 1874 860 1921 dominus
897 1879 1073 1921 noster
1110 1890 1215 1921 non
1253 1873 1435 1921 habuit
1472 1873 1795 1938 pulchiorem

197 1947 416 1989 matrem
455 1958 612 2006 quam
654 1958 750 2006 ego
790 1958 921 1996 sum,
965 1947 1100 1988 certe
1137 1940 1245 2004 ipsa
1282 1957 1385 1988 non
1423 1940 1524 1988 fuit
1566 1941 1791 1989 multum

197 2008 412 2073 pulchra
427 2009 481 2065 ”3
518 2016 571 2057 et
596 2026 699 2057 non
731 2007 990 2057 intellexit
1023 2007 1163 2055 illam
1197 2008 1441 2055 subtilem
1475 2008 1792 2057 retoricalem

195 2075 505 2141 allegoriam,
532 2093 689 2139 quam
715 2076 798 2124 ille
824 2091 1004 2140 regens
1037 2075 1250 2124 bursalis
1286 2075 1577 2139 praetendit
1614 2076 1665 2124 in
1701 2093 1793 2124 suo

195 2159 443 2191 sermone.

195 2213 235 2273 ἓξ
297 2210 414 2274 Ego
462 2227 607 2275 spero
654 2211 795 2275 quod
837 2210 955 2258 volo
997 2209 1165 2257 adhuc
1206 2210 1373 2258 multa
1418 2209 1470 2257 in
1518 2210 1611 2258 hac
1660 2212 1794 2258 alma

195 2276 528 2326 universitate
569 2278 761 2326 discere
801 2285 911 2326 tam
951 2276 1096 2324 utilia
1134 2277 1267 2325 sicut
1304 2277 1398 2325 hoc
1437 2277 1663 2326 notabile
1700 2285 1790 2326 est.

196 2344 372 2393 Hodie
419 2345 521 2393 emi
559 2362 851 2410 processum
891 2345 1101 2401 bursae3
1144 2361 1251 2392 cras
1292 2345 1456 2393 debeo
1494 2362 1705 2410 arguere
1740 2346 1789 2393 in

192 2411 542 2488 disputatione
590 2413 793 2469 bursali,
841 2412 905 2460 de
952 2411 1037 2459 illa
1085 2383 1528 2468 inateria‚ut1um
1578 2413 1792 2460 lnateiia

193 2479 358 2544 plima
383 2480 448 2528 sit
473 2496 561 2528 ens
587 2480 638 2528 in
664 2487 799 2536 actu,
826 2479 908 2528 vel
931 2479 1176 2544 potentia.

303 2565 502 2602 CoLoNlAl:
524 2579 573 2603 ex
594 2565 712 2602 bursa
733 2565 953 2602 Laurentii.

242 2698 254 2717 1
280 2701 444 2734 Ιηιηί]ι..·
502 2701 717 2735 ‘AEdituus
723 2701 756 2742 ’3
794 2701 862 2735 but
894 2701 958 2735 the
1027 2711 1087 2734 see
1130 2698 1318 2741 Rashdall,
1357 2701 1458 2733 l'niv.
1496 2700 1541 2741 (gf
1570 2701 1718 2742 Europe,
1754 2699 1790 2733 ii.

192 2744 342 2780 earliest
359 2747 524 2782 instance
546 2749 655 2793 given
681 2749 727 2794 by
749 2749 805 2783 Du
832 2749 958 2793 (ange
1028 2747 1180 2781 628-32.

195 2792 225 2825 is
242 2792 398 2830 of1537.
1075 2792 1101 2812 ¹⁶
1125 2796 1241 2827 wide:
1288 2793 1353 2827 the
1399 2793 1578 2837 Magister
1617 2792 1790 2839 clumsily

1026 2839 1170 2875 alludes
1219 2845 1258 2874 to
1308 2839 1517 2873 Buschius's
1567 2851 1687 2885 poem,
1737 2843 1790 2875 De

240 2881 252 2900 ⁷
280 2884 431 2917 Lauren.
481 2885 587 2919 Seei.
610 2886 662 2927 11,
682 2897 716 2920 η.
1025 2889 1253 2921 saluberrimo
1291 2888 1645 2930 fructlto-cissimoque
1690 2889 1790 2922 divae

1029 2936 1174 2977 viminis
1205 2935 1370 2976 psalterio
1410 2935 1686 2977 Heeatostichmz,
1721 2935 1789 2970 disc.

242 2975 268 2993 ¹¹
286 2977 447 3018 deposui:
461 2976 517 3010 for
530 2977 594 3012 the
609 2978 731 3012 brutal
744 2979 866 3014 horse
856 2980 956 3045 play
1025 2980 1189 3023 (Several
1223 2980 1304 3016 edd.
1336 2979 1408 3013 had
1440 2981 1623 3025 appeared
1664 2981 1790 3017 before

193 3032 418 3080 accompany
422 3023 485 3068 ing
502 3024 566 3058 the
584 3036 780 3071 ceremony
797 3027 1145 3071 0f“de-1516.)

193 3069 359 3113 positio,’'
379 3072 400 3103 ἰ.
407 3081 433 3104 e
449 3070 513 3104 the
530 3071 728 3106 admission
747 3074 788 3106 of
799 3086 822 3107 a
838 3074 954 3108 fresh-
1072 3073 1098 3092 ²⁷
1123 3086 1194 3116 (τηε,
1213 3073 1279 3108 ὣς.
1331 3073 1385 3107 Cf.
1406 3073 1548 3118 Prantl,
1577 3077 1694 3110 Gesolz.
1729 3078 1791 3111 der

193 3126 278 3150 man
296 3121 335 3150 to
353 3116 417 3151 the
435 3116 629 3162 privileges
646 3119 689 3153 of
703 3120 952 3166 studentship,
1030 3122 1160 3164 Loyilc„
1181 3121 1231 3154 iii.
1253 3132 1284 3166 p.
1308 3121 1386 3155 112.

943 3182 1033 3223 101

1831 1354 1868 1383 10

1830 1695 1868 1725 15
