2912 4368
8 787 75 849 ‘ilii

1168 1122 1359 1169 XXVI

669 1252 731 1299 {I
758 1252 919 1298 AN'!
926 1253 985 1297 '()
992 1253 1114 1298 Nl(
1131 1253 1187 1298 18
1233 1253 1556 1299 RUBMMS
1564 1254 1612 1299 'l'
1611 1252 1867 1299 ADIUS

994 1320 1070 1365 M.
1104 1321 1319 1367 (hiram)
1349 1321 1536 1367 (natio

476 1451 889 1573 SALUTEM
936 1468 997 1498 ex
1043 1452 1246 1498 cordiali
1296 1453 1484 1499 affectu
1528 1451 1857 1498 amicabiliter
1900 1456 2059 1514 optat.

601 1519 915 1566 Venerabilis
945 1519 1150 1565 dominc
1182 1519 1438 1581 magister,
1466 1520 1632 1566 sciatis
1662 1518 1802 1582 quod
1834 1534 2061 1581 pronunc

470 1603 573 1632 non
612 1586 775 1633 liabeo
812 1593 1017 1649 tempus
1054 1587 1116 1632 ad
1153 1586 1478 1634 scribendum
1515 1587 1577 1634 de
1620 1586 1725 1633 aliis
1768 1586 1916 1632 rebus
1959 1602 2060 1632 non

473 1653 618 1700 valde
667 1654 971 1706 necessariis,
1022 1654 1109 1700 sed
1162 1660 1371 1701 tantum
1426 1653 1773 1717 respondeatis
1827 1651 1950 1699 mihi
2000 1653 2061 1698 ad

471 1738 626 1767 unam
664 1722 1016 1783 quaestionem
1054 1737 1208 1784 quam
1246 1722 1313 1767 sic
1351 1738 1609 1785 propono:
1658 1721 1848 1767 Utrum
1885 1720 2064 1767 doctor

471 1787 521 1833 in
548 1787 653 1834 iure
680 1795 918 1835 tencatur
942 1789 1105 1835 facere
1132 1789 1469 1835 reverentiam
1502 1788 1748 1849 magistro
1775 1794 1949 1834 nostro
1976 1786 2062 1850 (1111

470 1871 571 1901 11011
599 1854 787 1901 incedit
814 1856 864 1902 in
892 1855 1084 1902 habitu.
1149 1855 1246 1901 Est
1270 1862 1446 1902 autem
1472 1855 1676 1901 habitus
1703 1854 2061 1918 magistrorum

471 1929 779 1975 nostrorum,
825 1924 956 1969 sicut
999 1922 1151 1975 scitis,
1197 1923 1461 1985 caputium
1505 1938 1752 1985 magnum
1797 1939 1915 1968 cum
1964 1921 2063 1967 liri-

470 1989 620 2052 pipio.
695 1989 794 2036 Est
813 1990 891 2036 liic
912 2007 1043 2035 unus
1062 1990 1243 2036 doctor
1261 1989 1347 2052 (1111
1374 1996 1450 2036 est
1475 1995 1743 2053 promotus
1769 1989 1818 2035 in
1845 1995 2064 2050 utroque

471 2057 577 2103 iure
614 2063 666 2103 et
703 2057 855 2103 habet
893 2056 1211 2103 inimicitiam
1255 2072 1372 2102 cum
1411 2056 1656 2119 magistro
1693 2063 1867 2103 nostro
1906 2056 2062 2103 Petro

474 2124 636 2170 Mcier
684 2124 914 2187 plebano.
1011 2123 1083 2169 Et
1137 2139 1298 2187 nuper
1351 2123 1579 2170 obviavit
1633 2123 1722 2169 sibi
1779 2123 1829 2169 111
1877 2123 2060 2186 platea,

470 2191 675 2253 quando
701 2191 944 2253 magister
968 2196 1142 2237 noster
1167 2191 1355 2237 Petrus
1382 2207 1485 2237 non
1516 2190 1608 2237 ivit
1639 2190 1690 2237 in
1716 2190 1910 2243 habitu,
1937 2196 2062 2237 tunc

470 2258 552 2304 ille
597 2258 772 2305 iurista
814 2275 915 2304 non
957 2257 1079 2304 fecit
1122 2257 1166 2304 ei
1208 2258 1560 2305 reverentiam.
1636 2258 1709 2304 Et
1751 2263 1929 2321 postea
1964 2257 2062 2303 fuit

469 2325 666 2371 dictum
708 2325 846 2387 quod
889 2341 991 2371 non
1034 2325 1163 2372 bene
1211 2324 1428 2380 fecisset,
1469 2325 1589 2387 quia
1637 2324 1793 2372 etiam
1842 2324 1881 2371 si
1929 2331 2062 2371 esset

470 2391 703 2438 inimicus
751 2392 872 2448 61115,
922 2398 1095 2438 tamen
1143 2391 1353 2439 debeiet
1401 2391 1445 2438 ei
1496 2392 1660 2439 facere
1710 2391 2062 2446 reverentiam,

468 2466 677 2534 piopter
729 2459 973 2506 honorem
1027 2476 1134 2505 5ι(1
1137 2476 1195 2506 16
1243 2459 1491 2522 lheologi
1498 2476 1568 2506 16
1665 2459 1804 2514 Quia
1855 2459 2063 2506 deberet

468 2542 574 2573 esse
602 2527 836 2574 mimicus
862 2543 1107 2590 personae
1133 2533 1184 2574 et
1209 2543 1313 2574 non
1340 2526 1592 2574 scientiae.
1668 2526 1807 2581 Quia
1832 2526 2062 2589 magistri

469 2600 589 2641 sunt
628 2593 677 2641 in
722 2594 833 2641 loco
876 2594 1239 2657 apostolor.um
1313 2594 1398 2641 De
1439 2593 1624 2668 quibus
1667 2594 1913 2657 scriptum
1956 2600 2062 2641 est:

469 2661 690 2716 “Quam
740 2661 949 2725 speciosi
1005 2661 1156 2724 pedes
1209 2678 1268 2708 ev
1275 2661 1485 2724 uigehl
1487 2661 1672 2707 uitium
1728 2662 1873 2715 bona,
1923 2677 2060 2724 prae-

468 2728 750 2775 dicantium
787 2745 979 2792 pacem.
989 2729 1009 2743 '
1068 2729 1398 2803 Quapropter
1435 2746 1472 2775 51
1511 2728 1719 2792 speciosi
1757 2735 1876 2775 sunt
1909 2729 2062 2791 pedes

467 2812 661 2850 eorum,
710 2803 904 2858 quanto
953 2812 1114 2859 magis
1168 2796 1334 2860 capita
1388 2802 1439 2842 ct
1488 2813 1669 2843 111111115
1717 2795 1908 2842 debent
1955 2812 2061 2842 esse

467 2862 704 2927 speciosa.
779 2864 851 2909 Et
890 2863 1091 2910 videtur
1129 2864 1267 2925 quod
1311 2863 1474 2910 omnis
1518 2863 1689 2918 homo,
1727 2863 1882 2910 etiam
1926 2864 2058 2925 prin-

469 2930 603 2993 cipes
636 2931 825 2977 debent
859 2930 1105 2977 honorem
1139 2936 1191 2977 et
1221 2931 1561 2978 reverentiam
1595 2930 1759 2978 facere
1785 2929 2060 2992 Theologis
2096 2943 2129 2971 ‘25

468 3003 521 3044 et
563 2998 817 3061 magistris
860 2998 1058 3044 nostris.
1134 2998 1283 3045 Tunc
1331 2997 1413 3045 ille
1463 2998 1640 3044 iurista
1687 2997 1964 3060 respondit,
2008 3003 2059 3043 et

465 3064 687 3128 praecise
724 3064 775 3111 in
813 3065 1125 3112 contrarium
1162 3064 1403 3127 allegavit
1440 3081 1553 3111 suas
1596 3065 1731 3128 leges
1775 3070 1828 3111 et
1869 3064 2059 3110 multas

466 3131 755 3196 scripturas,
799 3132 917 3194 quia
965 3131 1211 3195 scriptum
1260 3139 1366 3180 est:
1422 3132 1693 3188 “Qualem
1741 3137 1792 3178 te
1841 3131 2058 3186 invenio,

465 3198 622 3245 talem
652 3205 705 3246 te
741 3199 956 3246 iudico.’'
1031 3199 1131 3245 Sed
1157 3216 1311 3246 nemo
1334 3205 1542 3246 tenetur
1565 3199 1729 3246 facere
1755 3198 1798 3245 ei
1829 3214 2058 3245 reveren—

466 3265 593 3312 tiam
636 3266 723 3329 qui
770 3283 875 3313 non
923 3266 1113 3313 incedit
1160 3266 1377 3329 qualiter
1424 3267 1594 3317 debet,
1638 3266 1791 3313 etiam
1841 3265 1879 3311 si
1928 3271 2059 3311 esset

467 3333 712 3396 princeps.
803 3333 876 3380 Et
923 3334 1130 3396 quando
1182 3334 1448 3397 presbyter
1496 3333 1743 3397 reperitur
1791 3332 1841 3378 in
1890 3331 2059 3394 aliquo

468 3399 724 3446 indecenti
760 3416 911 3464 opere
947 3407 1000 3448 et
1036 3416 1138 3447 non
1177 3407 1253 3447 est
1280 3400 1494 3447 vestitus
1532 3400 1661 3446 sicut
1698 3399 1927 3445 sacerdos
1954 3415 2060 3446 esse

469 3465 637 3519 debet,
665 3466 749 3513 sed
776 3467 954 3514 habitu
980 3467 1236 3523 saeculari,
1264 3474 1388 3514 tunc
1421 3467 1572 3514 iudex
1599 3465 1864 3513 saecularis
1890 3472 2061 3529 potest

469 3549 589 3579 eum
615 3532 797 3580 habere
823 3540 874 3580 et
899 3541 1119 3581 tractare
1149 3551 1239 3598 pro
1268 3533 1475 3581 homine
1501 3532 1757 3588 saeculari,
1784 3539 1835 3580 et
1862 3533 2059 3581 afficere

611 3680 638 3698 ¹³
664 3683 784 3716 Maior.
821 3682 888 3716 See
906 3683 928 3716 i.
948 3686 979 3724 5,
999 3694 1033 3715 η.
1415 3679 1441 3698 ²⁰
1466 3683 1658 3723 *zv-iprum:
1686 3681 1788 3716 Rom.
1808 3695 1841 3716 x.
1864 3684 1915 3718 15.

983 3727 1009 3746 ²⁸
1037 3731 1199 3771 Qualem:
1230 3729 1335 3762 Ezek.
1355 3729 1454 3762 xviii.
1473 3730 1527 3762 30.

1226 3790 1287 3830 69

2099 1937 2134 1965 10

2100 2271 2135 2299 15

2098 2607 2134 2635 20

2096 3278 2133 3305 :30
