2247 3637
596 271 748 325 PHI
764 270 1062 325 LIPPUS
1117 269 1528 326 SARTORIS

257 379 483 427 laborare
502 378 553 425 in
574 378 736 425 horto.
788 378 860 425 Et
881 394 984 425 non
1002 377 1117 424 volo
1143 393 1317 424 curare
1337 378 1400 424 de
1426 378 1584 433 bellis,
1602 378 1721 441 quia
1738 378 1853 426 volo

257 463 364 495 esse
388 462 478 510 pro
504 462 601 500 me,
629 451 680 493 et
710 446 877 493 dicere
909 445 1160 492 orationes
1195 460 1333 491 meas
1371 451 1423 492 et
1458 445 1625 508 legere
1661 445 1852 501 missas,

257 520 308 560 et
362 530 464 561 non
525 529 697 559 curare
748 513 842 559 ista
889 513 1148 559 mundana
1195 511 1406 574 negocia
1453 528 1583 574 quae
1632 513 1853 560 afferunt
1887 527 1925 557 55

254 580 591 644 perditionem
613 579 823 627 animae.
885 579 1077 626 Valete.
1139 578 1343 625 Datum
1364 580 1631 626 Romanae
1653 579 1850 627 Curiae.

258 281 314 320 11.
337 283 405 331 49]

961 854 1157 901 XLIX

269 993 332 1040 CI
367 992 822 1039 PHILIPPUS
851 992 1247 1039 SARTORIS
1269 992 1386 1039 DE
1412 991 1832 1040 ERFORDIA

764 1059 842 1107 M.
885 1059 1101 1107 Ortvino
1140 1059 1330 1107 Gratio

348 1196 655 1243 ALUTES
722 1196 1085 1244 honorabiliter
1154 1197 1404 1261 optandas
1468 1194 1853 1243 honorabilitati

381 1271 593 1311 vestrae.
657 1263 975 1311 Venerabilis
1001 1264 1208 1311 domine
1234 1264 1500 1327 Magister,
1520 1263 1665 1311 Sicut
1690 1279 1854 1326 nuper

253 1331 518 1394 scripsistis
554 1330 677 1378 mihi
715 1331 854 1394 quod
891 1330 1101 1394 quidam
1139 1336 1291 1394 poeta
1326 1331 1378 1378 in
1404 1331 1650 1378 Almania
1685 1330 1852 1376 dictus
1888 1349 1907 1379 5

251 1397 499 1445 Erasmus
525 1398 906 1446 Roterodamus
934 1398 1198 1461 componit
1224 1398 1414 1445 multos
1439 1398 1607 1452 libros,
1634 1404 1686 1445 et
1710 1413 1850 1460 prae-

253 1465 400 1529 cipue
421 1466 711 1530 composuit
734 1481 891 1511 unam
917 1465 1185 1528 epistolam
1205 1465 1269 1512 ad
1289 1465 1501 1529 Papam,
1522 1466 1573 1512 in
1593 1481 1695 1528 qua
1716 1480 1852 1512 com-

250 1532 516 1580 mendavit
549 1533 832 1580 Iohannem
868 1532 1154 1579 Reuchlin:
1194 1532 1377 1579 Sciatis
1405 1533 1544 1596 quod
1578 1531 1682 1580 vidi
1712 1531 1852 1578 illam

252 1600 537 1664 epistolam.
613 1600 712 1646 Sed
748 1599 915 1646 adhuc
952 1599 1056 1646 vidi
1093 1615 1255 1646 unum
1292 1599 1450 1646 alium
1485 1599 1674 1646 librum
1710 1614 1850 1662 mag-

249 1682 377 1715 num
414 1667 502 1731 qui
538 1666 829 1713 intitulatur
860 1666 1118 1713 “Novum
1156 1666 1596 1721 Testamentum,‘'
1626 1672 1677 1713 et
1714 1665 1853 1713 misit
1887 1682 1925 1712 10

249 1733 395 1782 illum
421 1734 609 1781 librum
642 1734 706 1781 ad
740 1734 965 1797 Papam:
1009 1739 1061 1781 et
1098 1734 1247 1781 credo
1281 1734 1418 1797 quod
1451 1732 1669 1781 libenter
1698 1733 1853 1781 vellet

249 1802 388 1865 quod
416 1802 560 1865 Papa
584 1800 923 1848 autenticaret
953 1800 1098 1848 illum
1136 1800 1338 1848 librum.
1404 1801 1504 1848 Sed
1535 1817 1680 1866 spero
1712 1801 1853 1864 quod

248 1885 352 1915 non
377 1868 478 1916 fiet.
552 1867 690 1923 Quia
715 1868 967 1932 Magister
999 1867 1124 1916 sacri
1149 1868 1336 1916 Palatii
1369 1867 1456 1931 qui
1491 1875 1568 1916 est
1600 1868 1676 1915 vir
1706 1874 1851 1915 nota-

248 1935 361 1982 bilis
398 1942 450 1984 et
486 1952 704 1999 magnae
740 1936 1093 1999 reputationis,
1121 1935 1268 1991 dixit,
1306 1937 1446 2000 quod
1490 1936 1603 1983 vult
1638 1935 1853 1999 probare

247 2003 387 2066 quod
421 2003 668 2050 Erasmus
693 2002 778 2050 ille
807 2009 884 2050 est
917 2003 1213 2050 haereticus.
1288 2003 1427 2059 Quia
1459 2002 1510 2050 in
1543 2002 1851 2067 quibusdam
1886 2022 1924 2052 15

246 2070 477 2134 passibus
512 2070 836 2135 reprehendit
874 2070 1137 2118 doctorem
1181 2077 1416 2117 sanctum
1456 2077 1508 2118 et
1546 2069 1672 2118 nihil
1707 2076 1852 2118 tenet

246 2138 310 2184 de
349 2137 638 2202 Theologis.
713 2137 787 2184 Et
825 2154 943 2184 cum
992 2138 1088 2185 hoe
1131 2136 1328 2201 scripsit
1376 2154 1533 2184 unam
1583 2136 1849 2184 materiam

246 2220 378 2266 quae
403 2211 617 2252 vocatur
641 2203 809 2251 Moria
834 2205 1051 2261 Erasmi,
1076 2222 1206 2269 quae
1232 2205 1387 2252 habet
1413 2205 1602 2252 multas
1626 2204 1850 2269 proposi-

245 2271 412 2319 tiones
461 2271 874 2319 scandalizativas
923 2278 975 2319 et
1011 2289 1194 2337 parum
1242 2271 1615 2327 reverentiales‚
1664 2277 1715 2320 et
1763 2271 1849 2318 ali-

246 2339 452 2402 quando
513 2338 744 2386 continet
802 2345 1002 2402 apertas
1062 2339 1414 2404 blasphemias.
1523 2339 1851 2403 Quapropter
1884 2359 1922 2389 20

246 2406 579 2454 Parrisienses
599 2406 783 2453 volunt
801 2406 1067 2454 coburrere
1091 2406 1249 2454 talem
1269 2406 1471 2454 librum.
1534 2406 1675 2470 Ergo
1696 2404 1849 2452 etiam

1081 2542 1179 2575 That
1195 2554 1215 2575 a
1235 2542 1331 2586 Pope
1349 2541 1483 2575 should
1500 2541 1593 2575 have
1616 2541 1707 2575 been
1734 2540 1849 2574 found

292 2542 320 2560 514
363 2558 365 2561 ,
557 2542 561 2551 “
611 2540 630 2557 ί(
728 2554 733 2559 «
865 2554 868 2559 .

335 2553 402 2584 Pro
418 2552 478 2575 me·
534 2540 588 2574 (f.
644 2541 819 2574 Erasmus
833 2545 888 2574 επ
901 2540 1011 2575 homo
1081 2593 1120 2623 to
1138 2588 1246 2622 allow
1263 2589 1327 2623 the
1345 2588 1508 2634 fighting
1524 2589 1566 2622 of
1580 2590 1608 2622 it
1625 2590 1655 2621 is
1673 2588 1736 2621 the
1754 2592 1850 2621 most

244 2600 311 2633 pro
328 2600 367 2623 se
385 2599 394 2630 ;
410 2588 428 2603 ⁷⁷
446 2589 482 2621 ii.
504 2588 561 2629 59,
579 2600 613 2621 η.

291 2635 302 2653 ⁷
321 2637 419 2679 epist.
432 2644 444 2666 .·
481 2636 591 2669 dated
632 2634 799 2677 London,
838 2634 906 2680 Ap.
950 2635 1010 2677 29,

246 2683 346 2716 1515.
398 2682 595 2725 Reuchlin,
612 2693 694 2727 says
713 2682 769 2724 E„
789 2682 854 2715 has
878 2681 1012 2716 almost

243 2728 352 2773 equal
369 2729 456 2762 skill
474 2730 511 2763 in
529 2729 663 2771 Greek,
682 2729 803 2772 Latin,
819 2730 891 2763 and
912 2729 1011 2764 Heb-

243 2787 330 2818 reW,
357 2776 428 2810 and
455 2777 485 2810 is
514 2775 730 2821 deservedly
755 2776 947 2810 honoured
973 2777 1010 2810 in

243 2823 430 2867 Germany
447 2833 486 2856 as
503 2835 523 2856 a
540 2834 628 2868 very
645 2823 819 2868 phoenix.
859 2824 1009 2865 Erasm.,

244 2872 333 2912 Epp.
352 2869 420 2903 No.
439 2869 586 2913 clxxiv.‚
607 2870 711 2904 1706.

293 2915 319 2934 ¹⁰
337 2918 426 2950 Nor.
448 2918 477 2949 T
474 2920 534 2950 est.
548 2928 560 2950 .·
584 2916 648 2950 the
666 2917 789 2951 Greek
807 2921 901 2959 text,
920 2917 1009 2950 with

241 2975 261 2997 a
289 2975 367 2998 new
392 2964 468 2996 Lat.
488 2962 615 2996 transl.
634 2964 707 2997 and
732 2968 848 2997 notes.
899 2963 1009 2997 Dedi-

243 3015 369 3055 catory
396 3009 541 3055 epistle,
568 3010 678 3044 dated
710 3009 832 3053 Basle,
859 3010 946 3044 Feb.
976 3012 1009 3052 1,

243 3103 484 3149 earthquake.
521 3128 529 3136 .
569 3130 576 3137 .

241 3152 358 3186 shone
399 3152 437 3184 in
478 3150 543 3184 the
585 3149 769 3184 universal

401 3057 518 3090 “The
551 3057 659 3090 effect
689 3068 758 3090 was
791 3069 812 3090 a
840 3056 1010 3102 spiritual

616 3131 622 3137 .
660 3103 691 3136 A
726 3103 845 3148 single
878 3103 1010 3138 candle

818 3151 1008 3185 darkness.

1081 2635 1257 2681 startling
1273 2636 1416 2670 feature
1435 2637 1472 2669 in
1497 2635 1750 2669 Reformation
1775 2634 1850 2668 his-

1081 2683 1201 2728 tory.’'
1250 2683 1284 2716 J.
1303 2683 1348 2717 A.
1376 2683 1533 2724 Fronde,
1562 2684 1639 2724 Life
1663 2683 1736 2715 and
1760 2683 1847 2716 Lett.

1081 2732 1287 2772 ofErasm„
1309 2731 1413 2772 1894,
1432 2742 1466 2774 p.
1490 2730 1568 2762 128.

1130 2775 1157 2795 ¹³
1173 2780 1267 2820 May.
1287 2788 1355 2811 sae.
1378 2779 1453 2810 Pal.
1466 2789 1478 2810 .·
1503 2775 1681 2809 Silvestro
1707 2775 1848 2809 Mazzo-

1082 2823 1149 2857 lini
1187 2824 1232 2857 da
1276 2823 1428 2865 Prierio,
1464 2823 1673 2856 Instructor
1706 2823 1748 2856 of
1782 2823 1848 2856 the

1084 2870 1195 2916 Papal
1208 2869 1425 2904 Household
1442 2880 1450 2911 3
1468 2871 1515 2903 ol).
1531 2869 1634 2912 1523,
1647 2881 1668 2902 a
1681 2869 1847 2903 Domini-

1082 2929 1164 2959 can,
1183 2918 1263 2951 who
1282 2917 1364 2951 died
1384 2916 1544 2950 General
1570 2917 1612 2950 of
1633 2917 1688 2950 his
1714 2916 1847 2951 Order.

1082 2965 1118 2998 It
1129 2976 1200 2997 was
1219 2964 1274 2996 his
1292 2964 1383 3008 duty
1397 2968 1436 2997 to
1453 2963 1590 2998 license
1606 2964 1671 2997 the
1685 2963 1847 3009 publica-

1080 3012 1160 3045 tion
1179 3011 1220 3043 of
1241 3010 1367 3044 books.
1418 3010 1485 3044 See
1510 3010 1572 3044 W.
1599 3011 1753 3054 Roscoe,
1782 3012 1847 3045 Leo

1080 3059 1136 3091 the
1156 3059 1276 3099 Tenth,
1299 3058 1402 3099 1876,
1422 3058 1457 3090 ii.
1477 3060 1534 3092 94.
1585 3057 1655 3091 For
1674 3057 1739 3092 the
1760 3069 1848 3092 con-

1080 3109 1247 3148 troversy
1259 3104 1421 3138 between
1440 3104 1595 3139 Prierias
1607 3105 1680 3138 and
1695 3105 1847 3147 Luther‚

1081 3163 1141 3185 see
1161 3151 1197 3184 P.
1218 3151 1359 3196 Bayne,
1374 3153 1510 3185 Martin
1531 3153 1675 3195 Lnther,
1691 3153 1711 3186 i.
1726 3153 1781 3186 ch.
1799 3153 1845 3185 ix.

1008 3212 1103 3252 235
