2247 3637
331 637 369 666 10

335 970 373 999 15

336 1305 374 1334 20

339 1639 377 1667 25

341 1979 379 2007 30

400 239 870 297 EPISTOLAE
934 233 1526 294 OBSGURORUM
1582 232 1991 289 VIRORUM

398 357 476 398 est
511 365 613 397 una
648 347 887 396 notabilis
923 345 1153 410 quaestio
1188 359 1345 406 quam
1386 348 1506 406 peto
1543 359 1631 390 seu
1667 358 1791 405 rogo
1828 341 1993 388 deter-

400 416 581 465 minari
613 433 641 463 a
673 421 841 464 vestra
872 411 1274 477 magistralitate.
1348 409 1448 456 Est
1482 409 1562 457 hic
1595 425 1727 456 unus
1767 408 1994 455 Graecus

401 485 489 548 qui
530 483 743 531 resumit
783 478 1172 546 grammaticam
1216 476 1431 530 Urbani,
1475 483 1525 524 et
1574 475 1779 539 quando
1822 474 1996 523 scribit

404 552 677 605 Graecum,
713 555 840 596 tunc
883 563 1080 610 semper
1121 545 1267 609 ponit
1307 543 1500 591 titellos
1537 542 1777 607 superius.
1852 543 1995 598 Qua-

402 623 610 683 propter
656 633 751 681 ego
792 615 897 662 dixi
945 628 1138 677 nuper:
1194 618 1418 658 “tamen
1460 611 1703 674 magister
1745 610 1995 657 Ortvinus

404 684 720 732 Daventriae
761 683 915 730 etiam
964 679 1263 746 practicavit
1309 678 1698 742 grammaticam
1744 692 1995 740 graecam,

405 759 456 800 et
493 752 649 799 etiam
679 756 756 797 est
792 747 1045 797 sufficiens
1081 747 1153 793 ita
1188 745 1316 792 bene
1346 745 1478 792 sicut
1512 744 1612 799 ille,
1646 750 1698 791 et
1730 760 1998 806 nunquam

406 818 605 884 scripsit
628 818 700 865 ita
722 816 943 870 titellos;
970 821 1022 862 et
1047 829 1142 877 ego
1169 813 1318 860 credo
1342 812 1481 875 quod
1505 812 1577 858 ita
1603 812 1731 858 bene
1755 810 1998 874 intelligit

406 887 541 933 facta
583 902 673 932 sua
715 883 845 930 sicut
892 882 991 936 ille,
1034 887 1088 928 et
1128 879 1295 927 adhuc
1337 885 1509 943 posset
1551 878 1797 942 corrigere
1839 878 1997 925 istum

406 952 719 1017 graecum’';
759 950 845 998 sed
879 948 961 996 alii
991 965 1096 996 non
1128 947 1403 994 voluerunt
1434 946 1649 1001 credere,
1676 951 1727 992 et
1754 945 1874 992 socii
1899 943 2000 993 mei

406 1037 463 1067 ac
489 1023 782 1067 constantes
807 1015 1103 1081 petiverunt
1128 1014 1267 1078 quod
1293 1013 1477 1061 vellem
1502 1013 1715 1060 scribere
1741 1012 1804 1059 ad
1836 1011 1999 1059 domi-

406 1087 669 1134 nationem
717 1091 953 1138 vestram‚
1001 1082 1141 1145 quod
1186 1079 1515 1129 notificaretis
1564 1078 1688 1127 mihi
1742 1079 2000 1142 quomodo

408 1160 500 1209 est,
550 1170 614 1200 an
669 1153 915 1199 debemus
974 1165 1162 1214 ponere
1211 1147 1419 1204 titessos,
1468 1164 1532 1194 an
1582 1164 1699 1194 non.
1798 1146 1850 1193 Si
1896 1162 2001 1193 non

408 1220 653 1268 debemus
712 1234 915 1283 ponere,
962 1224 1089 1265 tunc
1147 1232 1236 1279 per
1292 1216 1447 1263 deum
1505 1214 1707 1261 realiter
1763 1213 2002 1261 volumus

408 1304 591 1336 vexare
627 1287 774 1334 illum
809 1301 1066 1349 graecum,
1105 1289 1157 1330 et
1195 1282 1432 1330 volumus
1467 1282 1631 1329 facere
1667 1281 1806 1344 quod
1849 1280 2003 1328 debet

408 1371 595 1419 paucos
642 1353 899 1401 auditores
954 1351 1152 1399 habere.
1248 1349 1365 1412 Ego
1420 1348 1548 1396 bene
1595 1348 1699 1395 vidi
1747 1348 1810 1395 de
1858 1347 2002 1395 vobis

410 1421 654 1485 Coloniae
713 1422 764 1468 in
821 1421 977 1467 domo
1027 1417 1241 1465 Henrici
1289 1416 1532 1472 QuenteL
1581 1416 1788 1479 quando
1834 1414 2002 1462 fuistis

410 1495 663 1537 corrector
705 1494 756 1535 et
798 1485 1044 1535 debuistis
1087 1484 1334 1548 corrigere
1374 1499 1632 1547 graecum,
1675 1489 1802 1530 tunc
1843 1481 2001 1529 absci-

409 1557 554 1605 distis
590 1572 767 1603 omnes
802 1553 994 1602 titellos
1030 1552 1118 1615 qui
1153 1552 1361 1599 fuerunt
1399 1567 1549 1614 supra
1583 1550 1684 1605 liis,
1718 1556 1770 1597 et
1806 1548 2003 1597 dixistis

413 1632 440 1650 ‘⁶
460 1624 602 1680 Quid
627 1623 817 1670 debent
842 1621 957 1668 illae
982 1618 1279 1667 stultitiae.”

513 1690 588 1738 Et
628 1691 700 1737 ita
741 1689 841 1736 iam
884 1686 1195 1735 consideravi
1237 1686 1375 1748 quod
1414 1701 1503 1732 vos
1542 1683 1739 1730 habetis
1781 1683 2004 1747 aliquam

412 1758 695 1805 rationem:
756 1756 875 1803 alias
931 1770 1035 1801 non
1090 1752 1347 1800 fecissetis.
1446 1752 1549 1799 Vos
1598 1750 1717 1798 estis
1764 1750 2006 1797 mirabilis

411 1826 582 1881 homo,
608 1831 659 1872 et
693 1824 817 1872 deus
843 1822 984 1869 dedit
1010 1821 1153 1868 vobis
1187 1836 1429 1883 magnam
1458 1818 1675 1883 gratiam
1702 1817 1839 1881 quod
1870 1817 2006 1864 scitis

412 1892 603 1955 aliquid
663 1891 713 1937 in
765 1889 905 1937 omni
958 1887 1131 1936 scibili.
1228 1887 1558 1950 Quapropter
1605 1885 1802 1932 debetis
1850 1884 2006 1932 etiam

412 1960 619 2007 laudare
661 1958 929 2005 dominum
970 1956 1127 2003 deum
1169 1954 1221 2001 in
1263 1953 1442 2001 vestris
1481 1952 1670 2007 metriS‚
1712 1958 1762 1999 et
1803 1953 2008 1999 beatam

413 2027 677 2090 virginem,
716 2030 769 2072 et
810 2039 987 2071 omnes
1029 2027 1230 2069 sanctos
1273 2020 1366 2068 dei.
1442 2020 1542 2067 Sed
1586 2036 1686 2067 non
1730 2019 2008 2066 habueritis

413 2093 537 2140 mihi
562 2110 652 2158 pro
678 2091 913 2139 molestia
937 2090 1077 2153 quod
1103 2087 1328 2152 impedio
1353 2094 1576 2134 vestram
1602 2086 2008 2134 dominationem

460 2265 472 2284 ⁷
494 2268 666 2300 Graccus:
683 2261 859 2308 probably
872 2261 1032 2295 Richard
1044 2260 1176 2294 Croke.

415 2315 482 2348 See
500 2314 522 2347 i.
545 2315 601 2354 35,
619 2324 653 2346 η.

461 2359 474 2378 ⁸
497 2361 649 2394 Urbani:
668 2357 836 2390 Urbanus
848 2354 1082 2389 Bellunensis
1095 2353 1178 2396 (Ur-

413 2408 542 2442 banius
560 2405 782 2447 Bolzanius),
799 2415 819 2436 a
841 2402 1066 2435 Franciscan.
1110 2401 1179 2434 His

414 2456 563 2489 treatise
581 2465 628 2487 on
650 2451 771 2485 Greek
796 2461 981 2495 grannnar
1003 2460 1074 2481 was
1100 2448 1180 2481 first

414 2500 610 2548 published
628 2499 675 2544 by
690 2498 807 2532 Aldus
824 2501 862 2530 at
874 2496 1010 2529 Venice
1024 2496 1060 2528 in
1079 2496 1178 2532 1497.

416 2550 446 2583 A
466 2547 611 2583 funeral
628 2547 771 2580 oration
790 2544 836 2589 by
851 2543 1027 2577 Albertus
1045 2542 1181 2575 Castri—

415 2597 625 2637 francanus,
645 2605 714 2627 one
736 2592 776 2626 of
796 2591 851 2624 his
872 2589 1004 2636 pupils,
1020 2589 1120 2633 gives
1138 2600 1180 2621 us

415 2655 515 2677 some
526 2644 684 2676 account
696 2640 737 2674 of
746 2639 802 2673 his
814 2638 877 2672 life
889 2637 1053 2681 (Venice,
1070 2636 1179 2675 15243

414 2691 520 2725 there
547 2691 576 2723 is
602 2702 622 2722 a
651 2699 743 2732 copy
772 2687 808 2719 in
835 2685 900 2719 the
928 2684 1019 2717 Brit.
1050 2682 1176 2724 Mus).

418 2738 586 2771 Urbanus
604 2733 784 2769 travelled
803 2731 964 2775 through
984 2730 1122 2763 Greece
1142 2733 1180 2762 to

418 2785 649 2828 Byzantium,
678 2781 750 2814 and
782 2778 941 2823 brought
972 2777 1063 2810 back
1093 2776 1180 2809 with

417 2831 493 2864 him
513 2836 550 2864 to
569 2830 705 2863 Venice
723 2840 744 2861 a
762 2831 859 2861 store
874 2826 914 2859 of
927 2824 1049 2858 Greek
1066 2823 1180 2863 MSS„

418 2877 608 2922 including
620 2888 665 2909 an
679 2875 828 2908 ancient
842 2884 933 2917 copy
946 2871 1059 2905 ofthe
1075 2869 1178 2903 Iliad.

420 2925 476 2957 He
495 2924 577 2957 died
595 2928 632 2957 at
649 2923 711 2956 the
730 2933 796 2965 age
815 2920 856 2954 of
869 2918 997 2962 nearly
1015 2920 1070 2951 90.

466 2970 492 2989 1²
509 2982 615 3013 mmrs.
629 2972 734 3011 ‚sm-ip.
766 2968 819 3001 Cf.
836 2966 1180 3008 Manimclusflorum

416 3020 572 3051 collectus
605 3029 646 3049 (w
684 3017 781 3048 libris
818 3016 949 3047 Rstst.
987 3012 1106 3045 Jaeobi
1143 3012 1183 3043 de

418 3066 647 3097 Ilochstrafen
674 3090 680 3096 .
710 3088 716 3094 .
745 3088 751 3094 .
783 3074 814 3103 ρ.
845 3063 878 3094 s‘.
906 3063 974 3093 412:
1008 3059 1028 3076 “
1042 3056 1183 3091 Grillus

418 3139 425 3145 .
454 3139 460 3145 .
491 3137 496 3144 .
524 3110 648 3144 literas
678 3111 835 3142 Graecas
868 3108 1053 3151 extirpare
1087 3104 1183 3149 apud

1244 2258 1434 2293 Coloniam
1466 2259 1609 2301 nititur,
1636 2259 1732 2291 sicut
1761 2261 1799 2292 et
1828 2257 2010 2291 Ortuinus

1244 2305 1444 2351 discipulus
1468 2317 1585 2350 nuper
1610 2305 1812 2338 conabatur
1838 2305 2012 2339 damnare

1243 2357 1428 2391 accentus,
1447 2364 1538 2397 quos
1560 2364 1624 2397 per
1645 2353 1891 2396 ignorantiam
1909 2363 2013 2386 voca-

1244 2400 1307 2433 bat
1323 2399 1463 2433 titellos
1479 2399 1662 2444 graecos.”

1294 2445 1320 2465 ¹⁸
1338 2448 1460 2480 titellos
1472 2458 1483 2479 .·
1508 2448 1562 2480 λε.
1582 2446 1646 2479 the
1664 2450 1822 2479 accents.

1294 2492 1321 2511 ²²
1342 2495 1382 2526 II.
1402 2495 1563 2535 (Mantels
1590 2492 1768 2526 Heinrich
1784 2491 1956 2535 Quentel,
1973 2504 2014 2525 or

1246 2539 1436 2584 Quentell,
1461 2551 1482 2572 a
1512 2540 1634 2573 native
1660 2539 1701 2572 of
1726 2539 1932 2583 Strasburg,
1959 2544 2015 2573 set

1248 2600 1296 2632 up
1314 2600 1333 2620 a
1353 2587 1636 2631 printing-press
1655 2590 1693 2620 at
1715 2586 1878 2629 Cologne
1902 2586 2014 2619 about

1252 2635 1354 2676 1479,
1374 2634 1445 2666 and
1465 2645 1562 2677 upon
1581 2633 1637 2666 his
1656 2633 1767 2666 death
1786 2633 1823 2665 in
1841 2634 1931 2667 1503
1948 2633 2012 2667 the

1248 2681 1414 2714 business
1432 2692 1502 2712 was
1520 2680 1660 2713 carried
1683 2691 1729 2712 on
1756 2679 1803 2724 by
1826 2679 1883 2712 liis
1903 2679 2012 2721 heirs,

1249 2728 1370 2761 where
1387 2727 1447 2760 the
1462 2726 1576 2760 H‹'›tel
1591 2726 1639 2759 du
1654 2726 1769 2760 Deme
1784 2738 1861 2759 nou·
1877 2727 2013 2760 stands.

1249 2775 1392 2808 Ortwin
1418 2774 1567 2807 Gratius
1596 2774 1701 2806 acted
1730 2785 1768 2806 as
1798 2774 1918 2807 editor
1943 2774 2015 2807 and

1250 2825 1434 2855 corrector
1455 2821 1496 2853 of
1516 2820 1578 2854 the
1600 2832 1700 2865 press
1721 2824 1759 2853 to
1777 2820 1840 2854 the
1859 2821 1940 2854 firm
1959 2821 2015 2854 for

1249 2867 1387 2902 several
1406 2879 1520 2912 years

1297 2913 1324 2933 ³¹
1342 2926 1412 2947 mm
1439 2916 1637 2955 homeritae,
1658 2914 1723 2947 «tre.
1778 2913 1848 2948 We
1874 2926 1935 2948 are
1963 2927 2016 2949 re-

1251 2961 1399 2995 minded
1418 2962 1460 2994 of
1481 2961 1577 2994 Rosa
1603 2960 1762 2995 Dartle’s
1790 2961 1919 2994 “Now
1945 2974 2015 3006 you

1251 3013 1350 3042 must
1376 3007 1490 3052 really
1509 3008 1594 3041 bear
1616 3008 1701 3040 with
1729 3020 1798 3051 me,
1820 3008 1972 3043 because
1999 3009 2015 3042 I

1250 3056 1315 3089 ask
1335 3055 1390 3088 for
1409 3054 1683 3088 information.''
1737 3057 1850 3089 David
1873 3057 2017 3098 (Joppcr-

1241 3103 1339 3146 field,
1358 3102 1413 3135 ch.
1435 3103 1530 3134 xxix.

1187 3165 1249 3205 ⁶20
