2247 3637
179 235 208 273 1.
232 237 301 286 45]
430 221 891 279 ARNOLDUS
947 221 1061 276 DE
1117 219 1622 276 THUNGARIS

176 333 275 380 feci
315 338 491 379 contra
532 330 875 379 defensorium
920 329 1160 378 Iohannis
1200 329 1574 385 Reuchli11‚ut
1620 328 1771 376 scitis,

180 399 262 447 Illi
310 398 539 446 homines
577 398 756 445 dicunt
794 404 846 446 et
886 397 1116 445 scribunt
1157 412 1242 444 eos
1283 396 1452 443 11111311
1488 396 1627 460 quod
1664 412 1773 460 per-

178 466 434 513 mittimus
475 466 547 512 Io.
594 464 932 520 Pfefferkmqn
973 465 1197 512 tinctum
1241 463 1508 517 Iudaeum,
1550 463 1776 526 accipere

178 540 470 580 nostrorum
512 549 663 580 causa
698 532 922 579 laborem
960 530 1224 585 scribendi,
1261 535 1321 577 ut
1358 529 1599 577 defendat
1635 546 1687 577 se
1723 535 1776 576 et

179 616 271 647 nos
297 616 475 647 omnes
499 604 676 646 contra
701 598 974 653 Reuchlin,
995 605 1047 646 et
1071 597 1312 645 defendat
1339 597 1492 644 fidem
1517 602 1775 644 nostiam:

180 666 249 714 sic
279 667 418 730 quod
449 665 555 730 ipse
580 666 625 713 h·
616 666 763 713 ibeat
789 682 978 713 nomen
1004 671 1056 712 et
1080 681 1171 711 nos
1195 670 1370 711 tamen
1396 663 1582 727 scripta
1605 662 1778 710 omnia

179 733 448 781 fecerimus
480 749 612 796 quae
645 733 814 780 emisit
843 750 935 780 suo
969 732 1190 787 nomine,
1218 737 1278 779 ut
1306 738 1432 778 tunc
1466 747 1642 778 verum
1670 736 1776 777 est:

179 801 231 848 in
279 800 594 847 confessione
642 800 738 847 hoc
784 800 902 847 dixi.
977 799 1242 847 Dixerunt
1288 799 1443 846 etiam
1491 797 1628 861 quod
1677 798 1777 844 iam

181 866 504 931 compilasset
544 883 737 913 novum
779 867 966 914 librum
1009 883 1163 930 quem
1205 865 1488 913 intitulavit
1530 865 1582 912 in
1618 864 1779 911 latino

183 933 596 982 “Defensorium
636 933 877 981 Iohannis
914 933 1236 982 Pfefferkorn
1274 939 1452 980 contra
1496 932 1779 979 Iohannem

181 1001 486 1055 Reuchlin‚⁷'
524 1000 576 1047 in
617 1017 721 1064 quo
763 1007 962 1048 enarrat
1004 1007 1176 1048 totum
1218 1000 1417 1048 factum
1461 1016 1490 1046 a
1532 998 1781 1063 principio

182 1085 346 1131 usque
378 1068 441 1115 ad
477 1068 662 1123 finem;
712 1085 866 1132 quem
908 1067 1139 1115 libellum
1187 1067 1560 1115 theutonisavit
1607 1067 1778 1114 etiam.

182 1136 319 1182 Cum
356 1151 452 1199 ego
490 1135 584 1182 hoc
621 1135 941 1190 audivissem,
968 1135 1073 1181 dixi
1109 1135 1248 1198 quod
1285 1151 1388 1182 non
1422 1140 1553 1181 esset
1587 1150 1780 1189 verum,

182 1202 479 1267 simpliciter
514 1203 635 1265 quia
668 1219 763 1266 ego
797 1201 922 1249 nihil
951 1203 1130 1250 scirem
1160 1203 1223 1249 de
1252 1201 1345 1249 hac
1375 1218 1455 1257 re;
1493 1207 1546 1248 01
1576 1200 1614 1248 51
1643 1200 1781 1255 fecit,

182 1276 308 1318 tunc
357 1286 446 1333 per
490 1269 646 1316 deum
695 1269 989 1316 scandalum
1037 1275 1129 1324 est,
1178 1268 1316 1333 quod
1371 1284 1452 1315 me
1511 1284 1614 1315 non
1660 1268 1783 1315 fecit

184 1343 398 1392 certum,
424 1342 477 1384 et
509 1342 683 1383 tamen
716 1336 853 1399 prius
883 1353 1082 1400 semper
1110 1353 1193 1383 me
1217 1335 1541 1383 consultavit.
1617 1335 1783 1383 Credo

182 1405 321 1467 quod
352 1404 457 1468 ipse
491 1403 591 1450 iam
621 1419 724 1451 non
758 1404 1055 1451 recordatur
1084 1403 1199 1458 mei,
1227 1419 1345 1450 cum
1378 1419 1491 1449 sum
1521 1402 1782 1450 infirmus·

183 1471 223 1519 51
270 1487 352 1517 1110
400 1471 773 1545 interrogasset,
821 1476 948 1517 tunc
1000 1470 1239 1517 dixissem
1287 1486 1392 1516 uno
1438 1469 1594 1516 modo
1642 1468 1782 1517 satis-

182 1538 351 1593 fuisse,
379 1537 499 1601 quia
528 1554 629 1584 5010
659 1537 797 1601 quod
827 1537 1092 1584 scribendo
1122 1536 1247 1584 nihil
1276 1535 1627 1600 acquiremus:
1663 1553 1783 1584 nam

185 1605 442 1652 Reuchlin
476 1621 673 1668 semper
701 1604 988 1651 restimulat
1020 1604 1159 1667 quod
1193 1603 1347 1651 habet
1381 1603 1656 1650 diabolum.
1732 1602 1784 1650 Si

183 1688 304 1736 ergo
345 1672 417 1720 ita
452 1677 544 1727 est,
581 1678 707 1719 tunc
744 1677 865 1735 peto
901 1671 1186 1735 diligenter,
1223 1677 1284 1718 ut
1320 1687 1424 1717 non
1460 1670 1628 1725 faciat,
1666 1669 1786 1734 quia

184 1756 275 1787 vos
317 1738 529 1803 potestis
572 1738 819 1803 impedire
859 1745 1110 1802 tanquam
1153 1744 1406 1786 corrector
1446 1755 1653 1785 suorum
1692 1737 1784 1784 lib-

182 1823 369 1854 rorum.
445 1806 683 1853 Secundo
724 1805 895 1853 audivi
938 1806 1110 1860 etiam,
1149 1806 1289 1870 quod
1337 1821 1442 1852 non
1480 1811 1589 1852 tam
1637 1804 1785 1852 vehe-

184 1880 383 1922 menter
398 1873 554 1929 dolui‚
573 1889 662 1920 vos
681 1873 899 1920 lardasse
919 1872 1156 1921 ancillam
1175 1890 1184 1920 :
1216 1890 1334 1920 cum
1354 1872 1622 1920 honestate
1642 1872 1755 1919 dico
1776 1889 1785 1919 :

185 1940 439 1998 Quentels
492 1940 806 2006 impressoris
855 1947 908 1988 et
959 1939 1136 1988 fecisse
1184 1940 1277 1987 sibi
1326 1957 1490 1988 unum
1538 1956 1785 2003 puerum:

184 2015 339 2072 atque
387 2014 448 2055 ut
494 2024 675 2055 verum
716 2007 808 2056 sit:
859 2014 986 2055 tunc
1027 2009 1134 2072 ipse
1175 2007 1318 2056 dedit
1361 2007 1453 2054 sibi
1495 2007 1697 2055 veniam
1734 2012 1786 2054 et

185 2092 288 2122 non
324 2075 438 2123 vult
472 2075 579 2140 pati
615 2075 835 2140 amplius
871 2074 924 2122 in
959 2076 1130 2129 domo,
1157 2081 1209 2122 et
1246 2075 1348 2122 iam
1384 2081 1461 2122 est
1497 2074 1549 2121 in
1587 2073 1787 2139 propria

185 2143 357 2198 domo,
405 2148 458 2190 01
516 2142 640 2190 facit
699 2143 935 2206 antiquas
991 2142 1193 2190 tunicas
1251 2158 1423 2189 novas.
1503 2142 1637 2189 Peto
1696 2158 1786 2189 vos

185 2216 393 2274 propter
428 2210 708 2257 maximam
745 2210 1047 2257 charitatem
1083 2226 1239 2274 quam
1281 2209 1554 2257 habuimus
1589 2225 1788 2273 semper

185 2276 492 2332 alternatim,
520 2284 579 2325 ut
616 2276 781 2324 velitis
818 2276 942 2324 mihi
978 2277 1074 2324 hoc
1111 2276 1326 2325 scribere
1362 2293 1426 2324 an
1459 2276 1525 2323 sit
1557 2276 1637 2324 vel
1666 2292 1786 2331 non,

187 2343 307 2408 quia
355 2361 450 2407 ego
497 2344 714 2392 libenter
762 2344 946 2392 vellem
994 2361 1107 2392 eam
1155 2344 1243 2391 diu
1291 2343 1646 2409 supposuisse;
1700 2342 1787 2390 sed

186 2417 364 2459 tamen
388 2428 491 2458 non
518 2411 656 2459 volui
681 2411 861 2467 facere,
881 2411 1001 2475 quia
1023 2410 1274 2460 timebam
1299 2412 1439 2475 quod
1464 2417 1595 2458 esset
1620 2410 1786 2457 adhuc

189 2478 344 2543 virgo.
431 2478 484 2526 Si
531 2485 705 2526 autem
752 2479 825 2526 ita
871 2481 951 2533 sit,
999 2479 1139 2542 quod
1187 2495 1275 2525 vos
1321 2478 1525 2533 fecistis,
1574 2484 1698 2524 tunc
1747 2477 1787 2523 si

187 2546 399 2609 potestis
446 2545 569 2610 pati,
618 2545 858 2594 volumus
906 2546 970 2593 ad
1017 2563 1175 2593 unam
1223 2546 1389 2593 dicam
1437 2545 1646 2599 lai-dare,
1690 2560 1786 2607 ego

190 2613 339 2660 hodie
369 2619 421 2661 et
455 2630 544 2660 vos
578 2630 700 2669 cras,
726 2613 846 2676 quia
874 2613 1106 2677 digniora
1138 2619 1259 2660 sunt
1282 2611 1462 2676 priora,
1489 2628 1584 2674 ego
1608 2611 1787 2658 doctor

190 2684 243 2725 et
278 2696 367 2726 vos
408 2681 675 2744 magister:
726 2680 839 2727 dico
877 2687 1052 2728 tamen
1092 2681 1187 2727 hoc
1228 2680 1334 2726 sine
1373 2678 1785 2741 contemptione:

191 2744 362 2808 sicque
387 2747 624 2794 volumus
649 2747 745 2795 hoc
770 2748 822 2794 in
847 2753 1041 2795 secreto
1067 2763 1264 2795 servare
1283 2751 1439 2808 atque
1459 2761 1572 2792 eam
1591 2745 1786 2792 nutrire

193 2828 311 2858 cum
344 2829 500 2875 puero
533 2815 765 2878 expensis
797 2815 1021 2863 mutuis:
1059 2821 1111 2862 et
1140 2813 1241 2861 scio
1270 2812 1409 2875 quod
1438 2811 1546 2876 ipsa
1570 2812 1787 2859 libenter

191 2915 359 2955 suspecte
388 2923 432 2945 ex
465 2911 591 2947 libello
620 2913 837 2949 theutonico
866 2914 952 2948 Dfii.
1071 2911 1098 2930 ¹²
1122 2914 1253 2955 defens.
1270 2924 1281 2945 :
1298 2912 1362 2945 the
1379 2912 1638 2954 Auyempieyel.

194 2957 343 2991 Ioannis
355 2958 538 2993 Reuchlin
557 2985 564 2992 .
585 2985 592 2992 .
614 2985 621 2993 .
642 2965 817 2995 extracte.
859 2961 953 2995 Cum
1072 2958 1097 2977 ²¹
1123 2961 1263 3002 Deis'ens.
1276 2971 1288 2992 .·
1312 2958 1571 2992 Pfefferkorn's
1588 2959 1763 3000 Defensio.

192 3005 492 3039 annotationibus
534 3031 541 3038 .
586 3031 594 3039 .
638 3032 646 3039 .
690 3007 848 3041 Arnoldi
909 3008 955 3042 de
1071 3005 1098 3023 ³⁶
1126 3008 1284 3048 (montel-e
1296 3017 1307 3039 :
1323 3005 1447 3039 Germ.
1465 3017 1548 3049 gen.

192 3051 357 3094 Tungeri
386 3078 392 3084 .
424 3076 432 3085 .
461 3053 492 3085 .”
546 3052 721 3098 (30108110,
764 3054 860 3100 Aug.
900 3055 954 3097 12,
1072 3052 1098 3071 ⁴5
1124 3055 1260 3086 dicam:
1281 3064 1301 3084 a
1318 3051 1422 3096 tany,
1441 3064 1482 3087 or
1499 3056 1667 3087 account.
1718 3051 1786 3086 See

196 3099 294 3132 1512.
1026 3100 1085 3133 Du
1104 3100 1241 3143 cange,
1258 3110 1322 3133 s.v.

943 3162 1037 3203 113
1549 3170 1588 3203 Η

1812 548 1852 578 15

1817 1215 1856 1245 25

1819 1554 1859 1584 30

1821 1888 1862 1918 35

1821 2228 1863 2257 40

1821 2562 1863 2591 45
