2247 3637
411 287 871 345 CONRADUS
926 289 1039 344 DE
1094 288 1570 345 ZUICCAVIA

194 399 445 455 mulieres,
472 406 523 447 et
560 399 813 463 allegastis
850 399 912 446 ad
945 399 1040 446 hoc
1065 399 1220 446 etiam
1246 414 1439 445 sacram
1464 397 1780 461 scripturam.

193 467 310 530 Ego
347 483 459 514 sum
498 473 771 513 contentus
807 466 946 529 quod
983 466 1145 513 amica
1168 481 1283 513 mea
1307 471 1384 512 est
1410 464 1578 512 hilaris
1602 471 1655 512 et
1680 481 1783 512 non

191 534 422 581 irascitur
469 549 702 588 1necum;
755 534 962 595 quando
1004 532 1151 580 venio
1192 532 1255 579 ad
1298 548 1426 586 eam,
1463 538 1590 579 tunc
1626 531 1782 579 etiam

191 600 321 648 facio
356 600 492 655 talia,
520 608 571 647 et
608 616 783 648 sumus
820 599 871 647 in
908 600 1117 656 laetitia,
1143 606 1195 647 et
1231 598 1454 646 bibimus
1491 599 1781 646 cerevisiam

191 674 243 715 et
270 667 462 722 vinum,
489 667 608 730 quia
632 667 810 714 vinum
834 666 1075 714 laetificat
1101 683 1186 714 cor
1208 665 1442 720 hominis,
1465 666 1550 712 sed
1575 665 1782 713 tristitia

190 735 412 782 exsiccat
450 751 572 781 ossa.
646 734 945 797 Aliquando
980 750 1093 781 sum
1131 735 1289 781 iratus
1322 750 1472 797 super
1500 749 1629 788 eam,
1655 740 1780 780 tunc

189 802 278 848 dat
315 801 439 848 mihi
475 801 722 856 osculum,
750 807 802 848 et
834 801 893 849 fit
916 818 1031 865 pax,
1059 807 1110 848 et
1134 807 1312 865 postea
1337 799 1490 847 dicit:
1529 800 1782 848 “domine

190 869 447 932 magister,
474 875 637 916 estote
662 868 824 915 laetae
849 868 1080 916 mentiS.”

292 935 470 1000 Nuper
504 935 642 983 volui
680 935 749 982 ire
786 935 849 981 ad
885 952 1012 990 eam,
1048 941 1175 982 tunc
1210 934 1313 982 vidi
1351 935 1487 982 exire
1521 934 1780 997 quendam

188 1002 426 1050 iuvenem
475 1009 810 1050 mercatorem
868 1002 957 1066 qui
1005 1001 1185 1049 habuit
1233 1007 1430 1065 apertas
1478 1001 1678 1065 caligas,
1728 1007 1781 1049 et

188 1069 391 1117 sudavit
436 1070 487 1116 in
534 1070 718 1124 fronte,
767 1075 819 1116 et
867 1069 1190 1116 credidissem
1236 1069 1375 1132 quod
1431 1068 1779 1133 supposuisset

187 1152 315 1192 eam,
342 1143 394 1184 et
431 1137 505 1184 fui
529 1136 912 1199 quodammodo
936 1136 1122 1192 iratus;
1159 1136 1246 1183 sed
1278 1136 1385 1201 ipsa
1417 1135 1603 1184 iuravit
1639 1136 1778 1199 quod

188 1219 291 1250 non
315 1204 569 1268 tetigisset
595 1221 707 1251 eam
733 1203 816 1250 ille
841 1210 1107 1259 mercator,
1125 1204 1211 1250 sed
1231 1204 1476 1251 voluisset
1494 1203 1539 1250 ei
1559 1203 1777 1250 vendere

186 1269 405 1318 linteum
454 1272 516 1318 ad
564 1271 819 1318 faciendas
868 1270 1125 1326 camisias;
1184 1277 1310 1317 tunc
1358 1287 1453 1334 ego
1501 1269 1605 1317 dixi
1656 1276 1779 1318 “est

188 1336 398 1393 bonum,
425 1339 512 1385 sed
537 1338 743 1401 quando
768 1338 925 1385 etiam
951 1337 1082 1385 datis
1108 1337 1233 1384 mihi
1259 1354 1414 1384 unam
1441 1336 1700 1384 camisiam
1719 1339 1736 1385 ’.ἰ
1754 1337 1777 1355 ”

187 1404 335 1452 Tunc
382 1405 581 1469 rogavit
630 1422 712 1452 me
758 1405 896 1468 quod
945 1405 1184 1451 deberem
1232 1405 1277 1452 ei
1326 1404 1601 1452 concedere
1648 1405 1777 1451 duos

184 1470 400 1520 florenos
438 1473 575 1535 quod
613 1477 784 1536 posset
827 1471 1020 1519 solvere
1061 1471 1207 1518 illum
1249 1472 1428 1527 linum,
1459 1478 1585 1519 tunc
1621 1472 1776 1519 etiam

184 1538 340 1586 vellet
387 1540 511 1586 mihi
558 1539 676 1586 dare
724 1555 880 1585 unam
930 1538 1203 1586 camisiam.
1292 1539 1367 1586 Et
1407 1545 1626 1602 protunc
1674 1555 1777 1586 non

183 1605 338 1653 habui
373 1607 659 1671 pecuniam,
688 1605 773 1652 sed
809 1605 934 1669 petii
970 1622 1134 1652 unum
1171 1605 1366 1653 socium
1403 1605 1492 1668 qui
1529 1606 1777 1653 concessit

182 1672 308 1720 mihi
346 1680 398 1721 et
438 1673 554 1720 dedi
590 1673 648 1720 ei.
722 1673 839 1736 Ego
874 1672 1028 1719 laudo
1066 1673 1205 1737 quod
1242 1672 1422 1736 aliquis
1464 1689 1662 1735 semper
1699 1678 1775 1720 est

182 1739 357 1788 laetus.
453 1741 527 1788 Et
586 1739 770 1787 medici
829 1740 1009 1787 dicunt
1067 1739 1224 1787 etiam
1283 1740 1422 1803 quod
1470 1756 1651 1787 sanum
1699 1745 1776 1786 est

181 1807 387 1870 quando
413 1806 593 1871 aliquis
619 1813 695 1854 est
720 1806 898 1854 laetus
973 1807 1202 1863 Quidam
1228 1808 1473 1871 magister
1498 1813 1670 1854 noster
1694 1806 1775 1854 hic

181 1890 379 1938 semper
398 1875 629 1922 irascitur
644 1880 695 1921 et
711 1890 978 1938 nunquam
995 1881 1071 1921 est
1086 1874 1266 1930 laetu8‚
1278 1881 1329 1923 et
1344 1881 1552 1939 propter
1576 1891 1775 1938 semper

180 1947 257 1988 est
281 1941 525 1990 infirmus.
586 1942 703 2005 Ipse
728 1958 928 2005 semper
951 1941 1275 2005 reprehendit
1294 1959 1377 1989 me
1402 1949 1454 1989 et
1474 1941 1613 1995 dicit,
1635 1942 1775 2004 quod

180 2025 284 2056 non
321 2009 482 2057 debeo
521 2025 690 2056 amare
729 2008 979 2064 mulieres,
1022 2009 1142 2072 quia
1180 2015 1300 2056 sunt
1336 2009 1538 2065 diaboli,
1577 2015 1628 2056 et
1663 2025 1774 2073 per-

178 2075 387 2123 dificant
434 2075 681 2133 homines,
726 2082 778 2123 et
814 2082 934 2123 sunt
970 2076 1282 2132 immundae,
1322 2083 1374 2124 et
1416 2076 1556 2123 nulla
1593 2075 1776 2124 mulier

178 2148 255 2190 est
291 2159 445 2207 pura;
483 2150 535 2191 et
571 2144 779 2207 quando
816 2143 996 2206 aliquis
1032 2149 1109 2190 est
1146 2159 1265 2190 cum
1290 2143 1519 2200 muliere,
1545 2149 1670 2190 tunc
1697 2149 1775 2191 est

177 2209 308 2257 sicut
369 2227 487 2257 cum
545 2211 762 2266 diabolo,
812 2210 931 2274 quia
978 2210 1289 2274 permittunt
1345 2210 1472 2258 nulli
1530 2211 1770 2274 requiem.

177 2276 327 2324 Tunc
352 2293 447 2341 ego
473 2278 578 2325 dixi
606 2285 632 2303 ‘⁶
649 2280 866 2342 parcatis
899 2277 1038 2333 mihi,
1065 2278 1272 2325 domine
1307 2277 1551 2342 magister
1586 2284 1772 2333 noster,

178 2350 346 2392 vestra
371 2350 535 2392 mater
561 2345 716 2392 etiam
741 2344 840 2391 fuit
865 2344 1092 2400 mulier,'’
1120 2351 1171 2393 et
1197 2345 1345 2393 abivi.

280 2412 398 2476 Ipse
435 2412 590 2459 etiam
615 2428 778 2476 nuper
803 2411 1130 2475 praedicavit,
1155 2413 1295 2476 quod
1319 2412 1606 2459 sacerdotes
1631 2411 1773 2459 nullo

175 2478 331 2525 modo
356 2478 602 2526 deberent
626 2479 810 2527 habere
837 2478 1144 2527 concubinas
1169 2496 1360 2533 secum,
1388 2485 1440 2527 et
1470 2479 1601 2525 dixit
1633 2478 1772 2541 quod

176 2544 397 2610 episcopi
433 2552 649 2610 peccant
686 2546 970 2594 mortaliter
1005 2547 1211 2610 quando
1236 2547 1494 2611 accipiunt
1520 2545 1771 2593 decimam

195 299 224 337 1.
248 302 290 350 9]

1006 2667 1133 2689 eorum
1153 2656 1308 2689 feminas
1326 2654 1429 2688 nulla
1450 2655 1624 2699 pecuniae
1649 2665 1772 2688 emen-

1006 2703 1107 2736 datio
1158 2702 1362 2747 exigatur.'¹
1439 2701 1579 2735 Gerard
1638 2700 1769 2744 Groot,

1004 2749 1136 2793 taking
1154 2751 1210 2783 for
1228 2750 1283 2782 his
1297 2753 1377 2783 text
1391 2749 1435 2782 Is.
1451 2747 1501 2781 lii.
1520 2749 1575 2789 11,
1590 2748 1772 2793 preached

221 2653 248 2672 ⁵⁵
273 2656 342 2688 dec.
389 2656 511 2689 lactis:
559 2654 658 2700 vulg.
709 2656 932 2689 fllilckz'elmt.

176 2701 302 2735 Under
326 2701 391 2736 the
417 2714 523 2736 name
550 2703 592 2735 of
616 2704 801 2746 cztllayz'zcm
831 2702 938 2736 there

174 2749 203 2782 is
236 2749 428 2782 abundant
460 2749 633 2783 evidence
660 2754 699 2783 to
727 2749 826 2783 show
856 2749 938 2783 that

172 2795 404 2840 throughout
433 2796 495 2830 the
524 2796 665 2830 Middle
698 2797 797 2841 Ages
825 2808 846 2829 a
875 2801 937 2830 tax

173 2853 244 2875 was
273 2843 424 2877 exacted
454 2843 547 2877 from
578 2844 709 2888 priests
739 2845 776 2876 in
807 2848 937 2877 return

173 2888 230 2922 for
263 2890 479 2932 permission
512 2895 552 2924 to
594 2890 688 2935 keep
729 2890 826 2923 what
867 2902 937 2923 was

171 2935 492 2981 euphemistically
515 2937 658 2971 termed
683 2949 703 2970 a
718 2939 877 2980 focaria,
897 2949 938 2970 or

172 2981 317 3016 fireside
336 2984 564 3028 companion.
617 2984 838 3028 Unavailing
855 2996 937 3028 pro-

171 3033 263 3062 tests
280 3030 424 3073 against
440 3030 514 3064 this
534 3032 691 3075 practice
714 3043 808 3065 were
831 3031 938 3065 made

172 3075 266 3109 from
307 3077 397 3109 time
436 3081 475 3109 to
514 3078 616 3111 time.
672 3078 714 3111 In
756 3078 819 3111 the
861 3078 937 3111 Yth

172 3121 313 3156 Article
338 3123 380 3156 of
403 3123 467 3157 the
493 3123 616 3168 Synod
642 3125 685 3157 of
711 3124 937 3167 Lillebonue,

175 3171 279 3212 1080,
315 3170 344 3203 it
376 3170 405 3203 is
438 3169 592 3204 decreed
625 3171 708 3204 that
744 3171 939 3216 “Propter

1005 2809 1026 2829 a
1044 2796 1192 2830 notable
1210 2808 1355 2829 sermon
1375 2796 1584 2836 pasin-ariis
1598 2794 1772 2838 (Aurora,

1005 2843 1185 2886 Dresden,
1208 2844 1310 2885 1859,
1332 2855 1363 2875 v.
1383 2843 1454 2884 42).

1054 2891 1097 2923 In
1115 2902 1136 2922 a
1152 2889 1354 2934 complaint
1365 2888 1439 2921 laid
1458 2888 1582 2922 before
1595 2888 1659 2922 the
1674 2888 1772 2934 Pope

1005 2936 1053 2982 by
1070 2937 1135 2971 the
1161 2935 1334 2981 Imperial
1364 2936 1451 2969 Diet
1475 2939 1514 2969 at
1538 2935 1772 2982 Nuremberg

1006 2985 1044 3017 in
1066 2983 1167 3025 1522,
1187 2984 1216 3016 it
1242 2984 1271 3016 is
1296 2983 1415 3016 stated
1441 2982 1523 3016 that
1549 2982 1635 3016 “In
1660 2994 1772 3028 many

1006 3035 1105 3075 parts
1124 3030 1165 3064 of
1178 3030 1241 3063 the
1258 3034 1416 3074 country
1432 3030 1497 3063 the
1520 3029 1676 3075 Bishops
1698 3029 1771 3063 and

1004 3077 1102 3111 their
1119 3077 1323 3110 emissaries
1340 3081 1405 3110 not
1423 3076 1511 3121 only
1523 3076 1689 3111 condone
1707 3077 1771 3111 the

1005 3124 1256 3168 concubinage
1282 3123 1324 3157 of
1345 3124 1486 3168 priests,
1504 3123 1681 3169 provided
1704 3124 1770 3158 the

1005 3175 1068 3204 tax
1088 3171 1291 3204 demanded
1311 3171 1340 3204 is
1358 3171 1455 3215 paid,
1474 3170 1541 3204 but
1565 3170 1654 3215 they
1673 3183 1768 3205 com-

942 3231 1005 3276 27

1817 550 1855 579 25

1815 882 1853 911 30

1812 1216 1850 1245 35

1812 1553 1849 1582 40

1810 1887 1848 1916 45

1807 2225 1845 2254 50

1806 2562 1844 2591 55
