2247 3637
177 235 209 275 1.
231 238 300 286 48]
454 225 825 282 IACOBUS
881 226 995 281 DE
1052 225 1620 282 ALTAPLATEA

176 334 229 381 in
255 333 417 398 patria
441 340 494 381 et
526 350 657 381 unus
683 334 873 381 faceret
904 333 1048 380 nobis
1074 332 1160 389 ita,
1187 339 1311 380 ωηο
1343 333 1582 381 sciremus
1615 333 1771 382 etiam

176 401 221 448 ei
269 400 461 464 aliquid
501 400 665 448 dicere
709 401 789 448 vel
835 400 1027 448 facere:
1080 400 1198 463 quia
1240 416 1337 463 ego
1379 401 1564 448 vellem
1605 401 1771 448 levem

177 484 380 515 causam
440 484 681 530 quaerere
740 475 917 515 contra
971 467 1152 532 ipsum.
1248 467 1557 531 Nuperrime
1615 468 1771 516 etiam

176 534 362 582 ivimus
387 550 490 581 uno
526 533 681 581 modo
706 534 1004 598 spaciatum,
1029 541 1155 582 tunc
1190 535 1293 582 duo
1319 534 1401 581 vel
1429 540 1532 582 tres
1569 535 1772 582 iverunt

176 608 296 648 ante
338 618 428 648 nos
476 608 528 648 et
576 618 667 648 nos
720 608 836 665 post
894 618 995 658 eos,
1053 608 1178 649 tunc
1237 617 1334 665 ego
1392 601 1564 649 inveni
1615 618 1771 649 unam

176 667 443 716 cedulam:
501 684 596 730 ego
645 668 795 716 credo
854 668 994 733 quod
1052 685 1185 716 unus
1246 684 1422 716 eorum
1470 668 1610 716 misit
1657 685 1771 715 eam

174 735 389 782 libenter
436 736 629 790 cadere,
679 742 738 783 ut
785 752 876 782 nos
926 735 1282 791 inveniremus,
1331 742 1383 783 et
1419 735 1505 783 illa
1542 735 1773 784 continet

173 802 259 849 illa
284 807 448 849 metra
468 821 545 849 :—

592 957 949 995 EPITHAPHIA
992 958 1353 996 HOCHSTRATI

446 1067 522 1112 Ira,
544 1066 664 1113 furor,
688 1067 827 1113 rabies,
851 1066 978 1113 dolus,
1001 1066 1274 1111 inclementia,
1297 1066 1405 1113 livor,

499 1121 609 1157 Dum
630 1121 739 1157 cadit
760 1120 1048 1164 Hochstratus,
1068 1133 1150 1157 non
1172 1120 1354 1158 cecidere
1375 1120 1516 1157 simul:

447 1175 563 1212 Haec
584 1174 652 1211 ille
673 1174 847 1224 insipido
868 1177 1002 1224 posuit
1023 1174 1221 1224 plantaria
1243 1175 1376 1224 vulgo,

500 1228 661 1278 Ingenii
680 1228 797 1266 dotes
817 1234 859 1265 et
880 1232 1142 1266 monumenta
1162 1231 1233 1265 sui.

904 1361 1033 1398 Aliud.

446 1441 623 1477 Crescite
643 1440 694 1476 ab
716 1439 804 1485 hoc,
826 1442 921 1484 taxi,
944 1444 1126 1477 crescant
1147 1441 1306 1476 aconita
1326 1439 1563 1490 sepulchro:

498 1495 630 1531 Ausus
651 1499 738 1531 erat
759 1494 832 1530 sub
853 1507 901 1530 eo
921 1497 990 1543 qui
1010 1496 1116 1530 iacet
1131 1506 1251 1530 omne
1272 1493 1437 1543 nephas.

915 1626 946 1663 A
953 1626 1040 1663 liud.

443 1706 574 1752 Flete,
595 1705 703 1751 mali,
724 1706 916 1755 gaudete,
937 1706 1044 1750 boni,
1065 1719 1171 1742 mors
1192 1719 1272 1742 una
1292 1705 1461 1741 duorum

496 1760 544 1797 In
564 1760 745 1798 medium
765 1762 933 1797 veniens
953 1760 1123 1797 abstulit
1144 1760 1220 1804 his,
1241 1759 1357 1797 dedit
1377 1759 1450 1796 his.

902 1893 1030 1933 Aliud.

443 1974 526 2010 Hic
545 1975 652 2010 iacet
674 1973 960 2020 Hochstratus‚
985 1975 1193 2010 viventem
1215 1972 1319 2010 ferre
1341 1974 1508 2022 patique

497 2027 631 2074 Quem
653 2032 823 2077 potuere
846 2027 954 2072 mali,
975 2040 1058 2064 non
1078 2033 1248 2077 potuere
1270 2027 1388 2064 boni:

445 2081 536 2131 Ipse
557 2094 718 2131 quoque
739 2081 944 2119 excedens
966 2084 1048 2118 vita
1069 2082 1307 2130 indignatus
1327 2081 1379 2117 ab
1398 2080 1479 2125 illa,

498 2136 681 2173 Maestus
701 2136 753 2172 ob
775 2135 863 2180 hoc,
886 2136 993 2185 quod
1016 2148 1096 2172 non
1118 2136 1209 2185 plus
1229 2137 1447 2179 nocuisset,
1469 2139 1564 2171 erat.

172 2264 290 2328 Ego
338 2270 391 2312 et
434 2265 692 2312 Plebanus
740 2265 947 2328 quando
993 2265 1281 2313 invenimus
1329 2264 1468 2312 illam
1525 2263 1772 2319 cedulam,

170 2338 297 2379 tunc
337 2330 522 2379 ivimus
564 2332 629 2379 ad
661 2331 875 2379 domum
918 2339 971 2380 et
1013 2332 1263 2381 iacuimus
1301 2332 1416 2397 plus
1457 2348 1614 2395 quam
1656 2338 1775 2379 octo

171 2405 262 2446 aut
300 2399 717 2462 quattuordecim
765 2400 871 2448 dies
922 2416 1088 2464 supra,
1137 2406 1190 2448 et
1237 2416 1343 2447 non
1383 2398 1649 2464 potuimus
1696 2399 1774 2446 in-

170 2465 433 2530 telligere:
471 2466 597 2513 mihi
633 2466 837 2514 videtur
873 2468 1012 2531 quod
1048 2484 1130 2515 me
1173 2467 1434 2532 attingant
1470 2465 1556 2513 illa
1591 2471 1771 2521 metra,

171 2534 292 2596 quia
328 2539 429 2581 stat
468 2534 819 2582 Hochstratus
857 2534 1099 2591 interius3
1143 2535 1231 2583 sed
1274 2551 1370 2598 ego
1411 2533 1567 2581 etiam
1603 2531 1774 2596 cogito

172 2599 311 2662 quod
351 2617 455 2647 non
497 2600 757 2666 attingant
796 2618 879 2650 me
918 2608 1052 2658 ante,
1091 2602 1210 2666 quia
1245 2618 1342 2665 ego
1378 2616 1483 2647 non
1512 2615 1667 2647 vocor
1702 2600 1775 2647 ita

172 2665 224 2712 in
275 2666 449 2723 latino,
501 2669 587 2716 sed
636 2684 791 2716 vocor
853 2669 1073 2717 Iacobus
1131 2669 1195 2717 de
1254 2668 1530 2731 altaplatea
1590 2665 1670 2714 vel
1722 2666 1774 2714 in

171 2733 434 2781 teutonice
494 2735 712 2783 Iacobus
760 2736 1131 2783 Hochstraten.
1239 2736 1414 2792 Quare
1467 2749 1562 2797 ego
1620 2733 1774 2780 mitto

173 2798 314 2846 illam
343 2800 568 2849 litteram
601 2803 664 2850 ad
690 2819 795 2858 vos,
821 2802 961 2867 quod
987 2820 1077 2850 vos
1102 2802 1269 2850 velitis
1295 2818 1407 2849 eam
1441 2801 1775 2864 interpretare

173 2882 237 2913 an
284 2866 408 2914 velit
450 2884 532 2915 me
574 2869 656 2917 vel
698 2870 868 2918 alium.
945 2870 998 2917 Si
1036 2869 1152 2917 vult
1193 2885 1276 2916 me
1323 2867 1480 2931 (quod
1528 2884 1624 2931 ego
1671 2883 1775 2915 non

174 2933 338 2989 credo,
380 2933 500 2996 quia
540 2951 636 2999 ego
676 2937 842 2985 adhuc
891 2954 994 2984 non
1031 2953 1146 2984 sum
1185 2937 1458 2995 mortuus),
1495 2940 1621 2982 tunc
1656 2934 1774 2982 volo

220 3051 246 3070 ⁷⁰
264 3054 408 3086 cedula:
434 3052 490 3086 for
506 3054 678 3087 schedula.
1006 3054 1214 3099 poisonous‚
1246 3053 1312 3086 but
1344 3054 1381 3086 in
1413 3053 1496 3086 Low
1525 3053 1648 3087 Germ.
1675 3056 1775 3088 Mon-

219 3098 246 3116 ³⁸
265 3101 429 3134 aconita:
483 3104 549 3133 not
597 3100 686 3146 only
731 3113 769 3134 as
826 3101 937 3146 being
1008 3103 1341 3143 nikslsappen—our
1361 3100 1660 3135 “moukshood.'’

926 3164 1019 3204 123

1806 421 1843 452 75

1807 755 1845 784 80

1808 1178 1847 1209 85

1811 1645 1849 1675 90

1812 2034 1850 2064 95

1810 2412 1867 2442 100

1810 2747 1868 2777 105
