<?xml version="1.0" encoding="UTF-8"?>
<!DOCTYPE html PUBLIC "-//W3C//DTD XHTML 1.0 Transitional//EN"
    "http://www.w3.org/TR/xhtml1/DTD/xhtml1-transitional.dtd">
<html xmlns="http://www.w3.org/1999/xhtml" xml:lang="en" lang="en">
 <head>
  <title>
</title>
<meta http-equiv="Content-Type" content="text/html;charset=utf-8" />
  <meta name='ocr-system' content='tesseract 3.04.00' />
  <meta name='ocr-capabilities' content='ocr_page ocr_carea ocr_par ocr_line ocrx_word'/>
</head>
<body>
  <div class='ocr_page' id='page_1' title='image "./epistolaeobscuro00huttuoft_0349.png"; bbox 0 0 2247 3637; ppageno 0'>
   <div class='ocr_carea' id='block_1_1' title="bbox 263 230 1460 295">
    <p class='ocr_par' dir='ltr' id='par_1_1' title="bbox 263 230 1460 295">
     <span class='ocr_line' id='line_1_1' title="bbox 263 230 1460 295; baseline 0.002 -13"><span class='ocrx_word' id='word_1_1' title='bbox 263 246 318 283; x_wconf 89' lang='lat'><strong>11.</strong></span> <span class='ocrx_word' id='word_1_2' title='bbox 342 248 410 295; x_wconf 80' lang='lat'><strong>37]</strong></span> <span class='ocrx_word' id='word_1_3' title='bbox 682 232 1118 291; x_wconf 77' lang='lat' dir='ltr'>GEORGIUS</span> <span class='ocrx_word' id='word_1_4' title='bbox 1176 230 1460 287; x_wconf 84' lang='lat' dir='ltr'>BLECK</span> 
     </span>
    </p>
   </div>
   <div class='ocr_carea' id='block_1_2' title="bbox 258 337 1862 475">
    <p class='ocr_par' dir='ltr' id='par_1_2' title="bbox 258 337 1862 475">
     <span class='ocr_line' id='line_1_2' title="bbox 258 337 1862 406; baseline -0.004 -14"><span class='ocrx_word' id='word_1_5' title='bbox 258 345 404 393; x_wconf 89' lang='lat' dir='ltr'><strong>terali</strong></span> <span class='ocrx_word' id='word_1_6' title='bbox 444 360 606 392; x_wconf 92' lang='lat' dir='ltr'><strong>unum</strong></span> <span class='ocrx_word' id='word_1_7' title='bbox 654 343 915 398; x_wconf 90' lang='lat' dir='ltr'><strong>librulum,</strong></span> <span class='ocrx_word' id='word_1_8' title='bbox 959 341 1047 406; x_wconf 89' lang='lat' dir='ltr'><strong>qui</strong></span> <span class='ocrx_word' id='word_1_9' title='bbox 1088 339 1394 403; x_wconf 82' lang='lat' dir='ltr'><strong>intelligitur</strong></span> <span class='ocrx_word' id='word_1_10' title='bbox 1441 355 1547 387; x_wconf 85' lang='lat' dir='ltr'><strong>esse</strong></span> <span class='ocrx_word' id='word_1_11' title='bbox 1586 338 1667 386; x_wconf 83' lang='lat' dir='ltr'><strong>vel</strong></span> <span class='ocrx_word' id='word_1_12' title='bbox 1709 337 1862 385; x_wconf 89' lang='lat' dir='ltr'><strong>fuisse</strong></span> 
     </span>
     <span class='ocr_line' id='line_1_3' title="bbox 260 405 1862 475; baseline -0.005 -16"><span class='ocrx_word' id='word_1_13' title='bbox 260 411 555 460; x_wconf 88' lang='lat' dir='ltr'><strong>intitulatus</strong></span> <span class='ocrx_word' id='word_1_14' title='bbox 593 426 681 459; x_wconf 90' lang='lat' dir='ltr'><strong>seu</strong></span> <span class='ocrx_word' id='word_1_15' title='bbox 718 410 1134 475; x_wconf 88' lang='lat' dir='ltr'><strong>praenominatus</strong></span> <span class='ocrx_word' id='word_1_16' title='bbox 1160 405 1472 471; x_wconf 83' lang='lat' dir='ltr'><strong>“Epistolae</strong></span> <span class='ocrx_word' id='word_1_17' title='bbox 1510 405 1862 453; x_wconf 89' lang='lat' dir='ltr'><strong>Obscurorum</strong></span> 
     </span>
    </p>
   </div>
   <div class='ocr_carea' id='block_1_3' title="bbox 262 471 1936 536">
    <p class='ocr_par' dir='ltr' id='par_1_3' title="bbox 262 471 1936 536">
     <span class='ocr_line' id='line_1_4' title="bbox 262 471 1936 536; baseline -0.004 -11"><span class='ocrx_word' id='word_1_18' title='bbox 262 479 505 527; x_wconf 79' lang='lat' dir='ltr'><strong>Virorum</strong></span> <span class='ocrx_word' id='word_1_19' title='bbox 530 478 594 525; x_wconf 91' lang='lat' dir='ltr'><strong>ad</strong></span> <span class='ocrx_word' id='word_1_20' title='bbox 620 478 695 525; x_wconf 89' lang='lat' dir='ltr'><strong>M.</strong></span> <span class='ocrx_word' id='word_1_21' title='bbox 720 477 1000 525; x_wconf 89' lang='lat' dir='ltr'><strong>Ortvinum</strong></span> <span class='ocrx_word' id='word_1_22' title='bbox 1026 473 1312 529; x_wconf 86' lang='lat' dir='ltr'><strong>Gratium‚”</strong></span> <span class='ocrx_word' id='word_1_23' title='bbox 1337 472 1388 520; x_wconf 94' lang='lat' dir='ltr'><strong>in</strong></span> <span class='ocrx_word' id='word_1_24' title='bbox 1409 488 1513 536; x_wconf 92' lang='lat' dir='ltr'><strong>quo</strong></span> <span class='ocrx_word' id='word_1_25' title='bbox 1532 472 1713 535; x_wconf 88' lang='lat' dir='ltr'><strong>utique</strong></span> <span class='ocrx_word' id='word_1_26' title='bbox 1729 471 1862 520; x_wconf 92' lang='lat' dir='ltr'><strong>codi-</strong></span> <span class='ocrx_word' id='word_1_27' title='bbox 1898 489 1936 518; x_wconf 67' lang='lat'><strong>·“›</strong></span> 
     </span>
    </p>
   </div>
   <div class='ocr_carea' id='block_1_4' title="bbox 257 539 1863 1145">
    <p class='ocr_par' dir='ltr' id='par_1_4' title="bbox 257 539 1863 1145">
     <span class='ocr_line' id='line_1_5' title="bbox 260 539 1861 603; baseline -0.005 -10"><span class='ocrx_word' id='word_1_28' title='bbox 260 546 376 593; x_wconf 91' lang='lat' dir='ltr'><strong>culo</strong></span> <span class='ocrx_word' id='word_1_29' title='bbox 392 561 480 593; x_wconf 90' lang='lat' dir='ltr'><strong>seu</strong></span> <span class='ocrx_word' id='word_1_30' title='bbox 496 544 683 599; x_wconf 87' lang='lat' dir='ltr'><strong>libello,</strong></span> <span class='ocrx_word' id='word_1_31' title='bbox 694 544 825 592; x_wconf 91' lang='lat' dir='ltr'><strong>sicut</strong></span> <span class='ocrx_word' id='word_1_32' title='bbox 841 543 956 591; x_wconf 89' lang='lat' dir='ltr'><strong>talis</strong></span> <span class='ocrx_word' id='word_1_33' title='bbox 972 541 1169 591; x_wconf 82' lang='lat' dir='ltr'><strong>dederit</strong></span> <span class='ocrx_word' id='word_1_34' title='bbox 1185 540 1309 588; x_wconf 91' lang='lat' dir='ltr'><strong>mihi</strong></span> <span class='ocrx_word' id='word_1_35' title='bbox 1327 539 1861 603; x_wconf 89' lang='lat' dir='ltr'><strong>intelligendum‚con-</strong></span> 
     </span>
     <span class='ocr_line' id='line_1_6' title="bbox 257 605 1863 672; baseline -0.003 -13"><span class='ocrx_word' id='word_1_36' title='bbox 257 613 490 660; x_wconf 86' lang='lat' dir='ltr'><strong>tinentur</strong></span> <span class='ocrx_word' id='word_1_37' title='bbox 514 628 690 660; x_wconf 92' lang='lat' dir='ltr'><strong>omnes</strong></span> <span class='ocrx_word' id='word_1_38' title='bbox 715 611 945 659; x_wconf 88' lang='lat' dir='ltr'><strong>literulae</strong></span> <span class='ocrx_word' id='word_1_39' title='bbox 969 610 1032 658; x_wconf 88' lang='lat' dir='ltr'><strong>ad</strong></span> <span class='ocrx_word' id='word_1_40' title='bbox 1057 614 1280 657; x_wconf 83' lang='lat' dir='ltr'><strong>vestram</strong></span> <span class='ocrx_word' id='word_1_41' title='bbox 1298 606 1604 672; x_wconf 88' lang='lat' dir='ltr'><strong>dignitatem</strong></span> <span class='ocrx_word' id='word_1_42' title='bbox 1624 605 1863 655; x_wconf 87' lang='lat' dir='ltr'><strong>hincinde</strong></span> 
     </span>
     <span class='ocr_line' id='line_1_7' title="bbox 260 671 1863 728; baseline -0.004 -1"><span class='ocrx_word' id='word_1_43' title='bbox 260 680 544 728; x_wconf 87' lang='lat' dir='ltr'><strong>destinatae</strong></span> <span class='ocrx_word' id='word_1_44' title='bbox 569 677 870 726; x_wconf 83' lang='lat' dir='ltr'><strong>charitative</strong></span> <span class='ocrx_word' id='word_1_45' title='bbox 895 684 947 725; x_wconf 88' lang='lat' dir='ltr'><strong>et</strong></span> <span class='ocrx_word' id='word_1_46' title='bbox 972 674 1311 725; x_wconf 84' lang='lat' dir='ltr'><strong>fraternaliter</strong></span> <span class='ocrx_word' id='word_1_47' title='bbox 1335 691 1364 721; x_wconf 89' lang='lat' dir='ltr'><strong>a</strong></span> <span class='ocrx_word' id='word_1_48' title='bbox 1390 673 1569 722; x_wconf 82' lang='lat' dir='ltr'><strong>vestris</strong></span> <span class='ocrx_word' id='word_1_49' title='bbox 1598 671 1773 720; x_wconf 89' lang='lat' dir='ltr'><strong>amicis</strong></span> <span class='ocrx_word' id='word_1_50' title='bbox 1809 679 1863 720; x_wconf 88' lang='lat' dir='ltr'><strong>et</strong></span> 
     </span>
     <span class='ocr_line' id='line_1_8' title="bbox 259 739 1862 808; baseline -0.005 -14"><span class='ocrx_word' id='word_1_51' title='bbox 259 746 394 794; x_wconf 92' lang='lat' dir='ltr'><strong>notis</strong></span> <span class='ocrx_word' id='word_1_52' title='bbox 414 764 423 794; x_wconf 94' lang='lat'><strong>:</strong></span> <span class='ocrx_word' id='word_1_53' title='bbox 473 752 526 794; x_wconf 91' lang='lat' dir='ltr'><strong>et</strong></span> <span class='ocrx_word' id='word_1_54' title='bbox 565 746 719 794; x_wconf 90' lang='lat' dir='ltr'><strong>etiam</strong></span> <span class='ocrx_word' id='word_1_55' title='bbox 761 743 1027 808; x_wconf 87' lang='lat' dir='ltr'><strong>posueritis</strong></span> <span class='ocrx_word' id='word_1_56' title='bbox 1068 759 1244 791; x_wconf 89' lang='lat' dir='ltr'><strong>meum</strong></span> <span class='ocrx_word' id='word_1_57' title='bbox 1281 741 1573 806; x_wconf 89' lang='lat' dir='ltr'><strong>epistolium</strong></span> <span class='ocrx_word' id='word_1_58' title='bbox 1614 739 1770 794; x_wconf 88' lang='lat' dir='ltr'><strong>intus,</strong></span> <span class='ocrx_word' id='word_1_59' title='bbox 1809 745 1862 787; x_wconf 86' lang='lat' dir='ltr'><strong>et</strong></span> 
     </span>
     <span class='ocr_line' id='line_1_9' title="bbox 260 805 1861 876; baseline -0.005 -16"><span class='ocrx_word' id='word_1_60' title='bbox 260 812 407 861; x_wconf 87' lang='lat' dir='ltr'><strong>valde</strong></span> <span class='ocrx_word' id='word_1_61' title='bbox 432 811 689 860; x_wconf 89' lang='lat' dir='ltr'><strong>miratorie</strong></span> <span class='ocrx_word' id='word_1_62' title='bbox 725 812 1043 876; x_wconf 86' lang='lat' dir='ltr'><strong>stupefactus</strong></span> <span class='ocrx_word' id='word_1_63' title='bbox 1078 810 1280 864; x_wconf 88' lang='lat' dir='ltr'><strong>fuerim,</strong></span> <span class='ocrx_word' id='word_1_64' title='bbox 1307 808 1445 872; x_wconf 93' lang='lat' dir='ltr'><strong>quod</strong></span> <span class='ocrx_word' id='word_1_65' title='bbox 1469 805 1753 872; x_wconf 87' lang='lat' dir='ltr'><strong>dignamini</strong></span> <span class='ocrx_word' id='word_1_66' title='bbox 1778 822 1861 853; x_wconf 90' lang='lat' dir='ltr'><strong>me</strong></span> 
     </span>
     <span class='ocr_line' id='line_1_10' title="bbox 257 873 1861 944; baseline -0.004 -17"><span class='ocrx_word' id='word_1_67' title='bbox 257 880 507 944; x_wconf 86' lang='lat' dir='ltr'><strong>tantisper</strong></span> <span class='ocrx_word' id='word_1_68' title='bbox 530 878 721 926; x_wconf 90' lang='lat' dir='ltr'><strong>honore</strong></span> <span class='ocrx_word' id='word_1_69' title='bbox 745 877 1098 943; x_wconf 83' lang='lat' dir='ltr'><strong>sesquipidali3</strong></span> <span class='ocrx_word' id='word_1_70' title='bbox 1135 884 1187 925; x_wconf 91' lang='lat' dir='ltr'><strong>et</strong></span> <span class='ocrx_word' id='word_1_71' title='bbox 1210 875 1376 924; x_wconf 89' lang='lat' dir='ltr'><strong>facitis</strong></span> <span class='ocrx_word' id='word_1_72' title='bbox 1401 875 1527 924; x_wconf 90' lang='lat' dir='ltr'><strong>mihi</strong></span> <span class='ocrx_word' id='word_1_73' title='bbox 1552 873 1861 923; x_wconf 87' lang='lat' dir='ltr'><strong>aeternalem</strong></span> 
     </span>
     <span class='ocr_line' id='line_1_11' title="bbox 258 939 1861 1010; baseline -0.004 -16"><span class='ocrx_word' id='word_1_74' title='bbox 258 947 464 995; x_wconf 88' lang='lat' dir='ltr'><strong>famam.</strong></span> <span class='ocrx_word' id='word_1_75' title='bbox 538 946 867 1010; x_wconf 80' lang='lat' dir='ltr'><strong>Quapropter</strong></span> <span class='ocrx_word' id='word_1_76' title='bbox 892 944 1169 994; x_wconf 88' lang='lat' dir='ltr'><strong>habueritis</strong></span> <span class='ocrx_word' id='word_1_77' title='bbox 1195 944 1319 992; x_wconf 90' lang='lat' dir='ltr'><strong>scire</strong></span> <span class='ocrx_word' id='word_1_78' title='bbox 1343 942 1587 1006; x_wconf 87' lang='lat' dir='ltr'><strong>quatinus</strong></span> <span class='ocrx_word' id='word_1_79' title='bbox 1612 939 1861 989; x_wconf 90' lang='lat' dir='ltr'><strong>voluerim</strong></span> 
     </span>
     <span class='ocr_line' id='line_1_12' title="bbox 258 1008 1861 1078; baseline -0.002 -17"><span class='ocrx_word' id='word_1_80' title='bbox 258 1013 402 1062; x_wconf 90' lang='lat' dir='ltr'><strong>vobis</strong></span> <span class='ocrx_word' id='word_1_81' title='bbox 425 1012 645 1078; x_wconf 86' lang='lat' dir='ltr'><strong>gratiam</strong></span> <span class='ocrx_word' id='word_1_82' title='bbox 668 1012 853 1061; x_wconf 87' lang='lat' dir='ltr'><strong>referre</strong></span> <span class='ocrx_word' id='word_1_83' title='bbox 877 1012 929 1061; x_wconf 92' lang='lat' dir='ltr'><strong>in</strong></span> <span class='ocrx_word' id='word_1_84' title='bbox 955 1018 1210 1076; x_wconf 90' lang='lat' dir='ltr'><strong>quantum</strong></span> <span class='ocrx_word' id='word_1_85' title='bbox 1234 1017 1430 1076; x_wconf 89' lang='lat' dir='ltr'><strong>potero.</strong></span> <span class='ocrx_word' id='word_1_86' title='bbox 1503 1008 1682 1056; x_wconf 89' lang='lat' dir='ltr'><strong>Etiam</strong></span> <span class='ocrx_word' id='word_1_87' title='bbox 1708 1008 1861 1057; x_wconf 84' lang='lat' dir='ltr'><strong>scive-</strong></span> 
     </span>
     <span class='ocr_line' id='line_1_13' title="bbox 257 1074 1860 1145; baseline -0.004 -17"><span class='ocrx_word' id='word_1_88' title='bbox 257 1080 367 1129; x_wconf 87' lang='lat' dir='ltr'><strong>ritis</strong></span> <span class='ocrx_word' id='word_1_89' title='bbox 391 1080 609 1145; x_wconf 90' lang='lat' dir='ltr'><strong>qualiter</strong></span> <span class='ocrx_word' id='word_1_90' title='bbox 634 1079 877 1128; x_wconf 88' lang='lat' dir='ltr'><strong>studuero</strong></span> <span class='ocrx_word' id='word_1_91' title='bbox 892 1080 973 1128; x_wconf 93' lang='lat' dir='ltr'><strong>hic</strong></span> <span class='ocrx_word' id='word_1_92' title='bbox 993 1096 1082 1144; x_wconf 90' lang='lat' dir='ltr'><strong>per</strong></span> <span class='ocrx_word' id='word_1_93' title='bbox 1096 1085 1270 1127; x_wconf 90' lang='lat' dir='ltr'><strong>totum</strong></span> <span class='ocrx_word' id='word_1_94' title='bbox 1284 1077 1337 1126; x_wconf 92' lang='lat' dir='ltr'><strong>in</strong></span> <span class='ocrx_word' id='word_1_95' title='bbox 1351 1093 1560 1142; x_wconf 90' lang='lat' dir='ltr'><strong>poeseos</strong></span> <span class='ocrx_word' id='word_1_96' title='bbox 1579 1074 1860 1130; x_wconf 86' lang='lat' dir='ltr'><strong>artificiolo,</strong></span> 
     </span>
    </p>
   </div>
   <div class='ocr_carea' id='block_1_5' title="bbox 1897 823 1935 853">
    <p class='ocr_par' dir='ltr' id='par_1_5' title="bbox 1897 823 1935 853">
     <span class='ocr_line' id='line_1_14' title="bbox 1897 823 1935 853; baseline 0 0"><span class='ocrx_word' id='word_1_97' title='bbox 1897 823 1935 853; x_wconf 79' lang='lat'><strong>30</strong></span> 
     </span>
    </p>
   </div>
   <div class='ocr_carea' id='block_1_6' title="bbox 256 1141 1936 1212">
    <p class='ocr_par' dir='ltr' id='par_1_6' title="bbox 256 1141 1936 1212">
     <span class='ocr_line' id='line_1_15' title="bbox 256 1141 1936 1212; baseline -0.005 -15"><span class='ocrx_word' id='word_1_98' title='bbox 256 1155 311 1197; x_wconf 90' lang='lat' dir='ltr'><strong>et</strong></span> <span class='ocrx_word' id='word_1_99' title='bbox 335 1164 455 1212; x_wconf 90' lang='lat' dir='ltr'><strong>ergo</strong></span> <span class='ocrx_word' id='word_1_100' title='bbox 479 1147 664 1196; x_wconf 84' lang='lat' dir='ltr'><strong>fuerim</strong></span> <span class='ocrx_word' id='word_1_101' title='bbox 689 1146 837 1195; x_wconf 88' lang='lat' dir='ltr'><strong>aliter</strong></span> <span class='ocrx_word' id='word_1_102' title='bbox 860 1147 1061 1195; x_wconf 88' lang='lat' dir='ltr'><strong>stilatus</strong></span> <span class='ocrx_word' id='word_1_103' title='bbox 1085 1163 1244 1210; x_wconf 90' lang='lat' dir='ltr'><strong>quam</strong></span> <span class='ocrx_word' id='word_1_104' title='bbox 1269 1144 1420 1210; x_wconf 90' lang='lat' dir='ltr'><strong>prius.</strong></span> <span class='ocrx_word' id='word_1_105' title='bbox 1470 1143 1654 1192; x_wconf 87' lang='lat' dir='ltr'><strong>Valete</strong></span> <span class='ocrx_word' id='word_1_106' title='bbox 1675 1141 1861 1207; x_wconf 89' lang='lat' dir='ltr'><strong>sesqui·</strong></span> <span class='ocrx_word' id='word_1_107' title='bbox 1898 1158 1936 1188; x_wconf 75' lang='lat'><strong>:35</strong></span> 
     </span>
    </p>
   </div>
   <div class='ocr_carea' id='block_1_7' title="bbox 257 1214 1035 1281">
    <p class='ocr_par' dir='ltr' id='par_1_7' title="bbox 257 1214 1035 1281">
     <span class='ocr_line' id='line_1_16' title="bbox 257 1214 1035 1281; baseline -0.003 -17"><span class='ocrx_word' id='word_1_108' title='bbox 257 1214 516 1281; x_wconf 89' lang='lat' dir='ltr'><strong>pedaliter.</strong></span> <span class='ocrx_word' id='word_1_109' title='bbox 592 1215 791 1263; x_wconf 86' lang='lat' dir='ltr'><strong>Datum</strong></span> <span class='ocrx_word' id='word_1_110' title='bbox 820 1214 1035 1263; x_wconf 85' lang='lat' dir='ltr'><strong>Romae.</strong></span> 
     </span>
    </p>
   </div>
   <div class='ocr_carea' id='block_1_8' title="bbox 916 1479 1206 1527">
    <p class='ocr_par' dir='ltr' id='par_1_8' title="bbox 916 1479 1206 1527">
     <span class='ocr_line' id='line_1_17' title="bbox 916 1479 1206 1527; baseline -0.007 0"><span class='ocrx_word' id='word_1_111' title='bbox 916 1479 1206 1527; x_wconf 83' lang='lat' dir='ltr'>XXXVII</span> 
     </span>
    </p>
   </div>
   <div class='ocr_carea' id='block_1_9' title="bbox 439 1595 1662 1729">
    <p class='ocr_par' dir='ltr' id='par_1_9' title="bbox 439 1595 1662 1729">
     <span class='ocr_line' id='line_1_18' title="bbox 439 1595 1662 1665; baseline -0.007 -1"><span class='ocrx_word' id='word_1_112' title='bbox 439 1616 502 1665; x_wconf 70' lang='lat' dir='ltr'><strong>«r</strong></span> <span class='ocrx_word' id='word_1_113' title='bbox 539 1615 870 1662; x_wconf 74' lang='lat' dir='ltr'><em>FRATER</em></span> <span class='ocrx_word' id='word_1_114' title='bbox 921 1595 1341 1661; x_wconf 75' lang='lat' dir='ltr'><strong><em>GEORGIUS</em></strong></span> <span class='ocrx_word' id='word_1_115' title='bbox 1381 1609 1662 1658; x_wconf 83' lang='lat' dir='ltr'><em>BLECK</em></span> 
     </span>
     <span class='ocr_line' id='line_1_19' title="bbox 797 1679 1346 1729; baseline -0.005 -1"><span class='ocrx_word' id='word_1_116' title='bbox 797 1682 875 1729; x_wconf 75' lang='lat' dir='ltr'><strong>M.</strong></span> <span class='ocrx_word' id='word_1_117' title='bbox 912 1680 1128 1728; x_wconf 67' lang='lat' dir='ltr'><strong>Ort-eino</strong></span> <span class='ocrx_word' id='word_1_118' title='bbox 1157 1679 1346 1726; x_wconf 77' lang='lat' dir='ltr'><strong>Gratio</strong></span> 
     </span>
    </p>
   </div>
   <div class='ocr_carea' id='block_1_10' title="bbox 400 1802 1866 1866">
    <p class='ocr_par' dir='ltr' id='par_1_10' title="bbox 400 1802 1866 1866">
     <span class='ocr_line' id='line_1_20' title="bbox 400 1802 1866 1866; baseline -0.005 -9"><span class='ocrx_word' id='word_1_119' title='bbox 400 1809 717 1857; x_wconf 81' lang='lat' dir='ltr'><strong>UMILEM</strong></span> <span class='ocrx_word' id='word_1_120' title='bbox 767 1807 1051 1856; x_wconf 88' lang='lat' dir='ltr'><strong>orationem</strong></span> <span class='ocrx_word' id='word_1_121' title='bbox 1098 1822 1268 1854; x_wconf 91' lang='lat' dir='ltr'><strong>meam</strong></span> <span class='ocrx_word' id='word_1_122' title='bbox 1317 1820 1436 1853; x_wconf 90' lang='lat' dir='ltr'><strong>cum</strong></span> <span class='ocrx_word' id='word_1_123' title='bbox 1478 1820 1537 1852; x_wconf 87' lang='lat' dir='ltr'><strong>ea</strong></span> <span class='ocrx_word' id='word_1_124' title='bbox 1577 1819 1679 1866; x_wconf 90' lang='lat' dir='ltr'><strong>qua</strong></span> <span class='ocrx_word' id='word_1_125' title='bbox 1717 1802 1866 1850; x_wconf 87' lang='lat' dir='ltr'><strong>decet</strong></span> 
     </span>
    </p>
   </div>
   <div class='ocr_carea' id='block_1_11' title="bbox 433 1868 1963 1933">
    <p class='ocr_par' dir='ltr' id='par_1_11' title="bbox 433 1868 1963 1933">
     <span class='ocr_line' id='line_1_21' title="bbox 433 1868 1963 1933; baseline -0.007 -8"><span class='ocrx_word' id='word_1_126' title='bbox 433 1877 765 1933; x_wconf 87' lang='lat' dir='ltr'><strong>subiectione,</strong></span> <span class='ocrx_word' id='word_1_127' title='bbox 795 1875 1002 1924; x_wconf 91' lang='lat' dir='ltr'><strong>domine</strong></span> <span class='ocrx_word' id='word_1_128' title='bbox 1039 1880 1091 1923; x_wconf 91' lang='lat' dir='ltr'><strong>et</strong></span> <span class='ocrx_word' id='word_1_129' title='bbox 1129 1874 1204 1922; x_wconf 89' lang='lat' dir='ltr'><strong>M.</strong></span> <span class='ocrx_word' id='word_1_130' title='bbox 1234 1873 1322 1921; x_wconf 90' lang='lat' dir='ltr'><strong>Or.</strong></span> <span class='ocrx_word' id='word_1_131' title='bbox 1356 1873 1459 1920; x_wconf 81' lang='lat' dir='ltr'><strong>Vos</strong></span> <span class='ocrx_word' id='word_1_132' title='bbox 1496 1870 1704 1918; x_wconf 91' lang='lat' dir='ltr'><strong>misistis</strong></span> <span class='ocrx_word' id='word_1_133' title='bbox 1741 1868 1866 1917; x_wconf 94' lang='lat' dir='ltr'><strong>mihi</strong></span> <span class='ocrx_word' id='word_1_134' title='bbox 1954 1900 1963 1914; x_wconf 50' lang='lat'><em>2</em></span> 
     </span>
    </p>
   </div>
   <div class='ocr_carea' id='block_1_12' title="bbox 259 1936 1920 2008">
    <p class='ocr_par' dir='ltr' id='par_1_12' title="bbox 259 1936 1920 2008">
     <span class='ocr_line' id='line_1_22' title="bbox 259 1936 1920 2008; baseline -0.007 -15"><span class='ocrx_word' id='word_1_135' title='bbox 259 1946 361 1993; x_wconf 91' lang='lat' dir='ltr'><strong>huc</strong></span> <span class='ocrx_word' id='word_1_136' title='bbox 386 1945 574 1993; x_wconf 87' lang='lat' dir='ltr'><strong>librum</strong></span> <span class='ocrx_word' id='word_1_137' title='bbox 601 1944 642 1992; x_wconf 92' lang='grc' dir='ltr'><strong>Ι.</strong></span> <span class='ocrx_word' id='word_1_138' title='bbox 670 1944 730 1994; x_wconf 90' lang='grc' dir='ltr'><strong>Ρ.</strong></span> <span class='ocrx_word' id='word_1_139' title='bbox 759 1943 848 2007; x_wconf 94' lang='lat' dir='ltr'><strong>qui</strong></span> <span class='ocrx_word' id='word_1_140' title='bbox 872 1949 950 1991; x_wconf 88' lang='lat' dir='ltr'><strong>est</strong></span> <span class='ocrx_word' id='word_1_141' title='bbox 974 1941 1335 2008; x_wconf 86' lang='lat' dir='ltr'><strong>praetitulatus</strong></span> <span class='ocrx_word' id='word_1_142' title='bbox 1362 1947 1389 1966; x_wconf 79' lang='lat'><strong>‘⁶</strong></span> <span class='ocrx_word' id='word_1_143' title='bbox 1407 1937 1658 1987; x_wconf 91' lang='lat' dir='ltr'><strong>Defensio</strong></span> <span class='ocrx_word' id='word_1_144' title='bbox 1678 1936 1865 1985; x_wconf 87' lang='lat' dir='ltr'><strong>Iohan-</strong></span> <span class='ocrx_word' id='word_1_145' title='bbox 1901 1951 1920 1981; x_wconf 84' lang='lat'>5</span> 
     </span>
    </p>
   </div>
   <div class='ocr_carea' id='block_1_13' title="bbox 259 2003 1867 2615">
    <p class='ocr_par' dir='ltr' id='par_1_13' title="bbox 259 2003 1867 2615">
     <span class='ocr_line' id='line_1_23' title="bbox 259 2003 1867 2069; baseline -0.004 -8"><span class='ocrx_word' id='word_1_146' title='bbox 259 2013 336 2061; x_wconf 91' lang='lat' dir='ltr'><strong>nis</strong></span> <span class='ocrx_word' id='word_1_147' title='bbox 375 2011 700 2060; x_wconf 85' lang='lat' dir='ltr'><strong>Pfefferkorn</strong></span> <span class='ocrx_word' id='word_1_148' title='bbox 742 2017 919 2059; x_wconf 87' lang='lat' dir='ltr'><strong>contra</strong></span> <span class='ocrx_word' id='word_1_149' title='bbox 953 2008 1219 2057; x_wconf 83' lang='lat' dir='ltr'><strong>famosas.”</strong></span> <span class='ocrx_word' id='word_1_150' title='bbox 1291 2008 1467 2065; x_wconf 83' lang='lat' dir='ltr'><strong>Quem</strong></span> <span class='ocrx_word' id='word_1_151' title='bbox 1503 2005 1699 2069; x_wconf 88' lang='lat' dir='ltr'><strong>utique,</strong></span> <span class='ocrx_word' id='word_1_152' title='bbox 1733 2003 1867 2054; x_wconf 87' lang='lat' dir='ltr'><strong>sicut</strong></span> 
     </span>
     <span class='ocr_line' id='line_1_24' title="bbox 259 2073 1865 2145; baseline -0.005 -17"><span class='ocrx_word' id='word_1_153' title='bbox 259 2078 526 2145; x_wconf 86' lang='lat' dir='ltr'><strong>petivistis,</strong></span> <span class='ocrx_word' id='word_1_154' title='bbox 553 2078 754 2127; x_wconf 91' lang='lat' dir='ltr'><strong>ostendi</strong></span> <span class='ocrx_word' id='word_1_155' title='bbox 789 2077 1027 2126; x_wconf 91' lang='lat' dir='ltr'><strong>omnibus</strong></span> <span class='ocrx_word' id='word_1_156' title='bbox 1064 2074 1327 2140; x_wconf 87' lang='lat' dir='ltr'><strong>Magistris</strong></span> <span class='ocrx_word' id='word_1_157' title='bbox 1362 2073 1547 2122; x_wconf 92' lang='lat' dir='ltr'><strong>nostris</strong></span> <span class='ocrx_word' id='word_1_158' title='bbox 1581 2088 1671 2138; x_wconf 91' lang='lat' dir='ltr'><strong>per</strong></span> <span class='ocrx_word' id='word_1_159' title='bbox 1698 2077 1865 2120; x_wconf 90' lang='lat' dir='ltr'><strong>totam</strong></span> 
     </span>
     <span class='ocr_line' id='line_1_25' title="bbox 262 2138 1865 2204; baseline -0.004 -9"><span class='ocrx_word' id='word_1_160' title='bbox 262 2146 586 2203; x_wconf 88' lang='lat' dir='ltr'><strong>Parrhisiam,</strong></span> <span class='ocrx_word' id='word_1_161' title='bbox 613 2152 666 2194; x_wconf 92' lang='lat' dir='ltr'><strong>et</strong></span> <span class='ocrx_word' id='word_1_162' title='bbox 692 2144 923 2194; x_wconf 88' lang='lat' dir='ltr'><strong>similiter</strong></span> <span class='ocrx_word' id='word_1_163' title='bbox 947 2144 1010 2193; x_wconf 93' lang='lat' dir='ltr'><strong>de</strong></span> <span class='ocrx_word' id='word_1_164' title='bbox 1034 2149 1209 2192; x_wconf 90' lang='lat' dir='ltr'><strong>nostro</strong></span> <span class='ocrx_word' id='word_1_165' title='bbox 1244 2141 1421 2190; x_wconf 90' lang='lat' dir='ltr'><strong>ordine</strong></span> <span class='ocrx_word' id='word_1_166' title='bbox 1457 2138 1750 2204; x_wconf 86' lang='lat' dir='ltr'><strong>Theologis‚</strong></span> <span class='ocrx_word' id='word_1_167' title='bbox 1776 2138 1865 2202; x_wconf 90' lang='lat' dir='ltr'><strong>qui</strong></span> 
     </span>
     <span class='ocr_line' id='line_1_26' title="bbox 261 2205 1864 2263; baseline -0.005 -1"><span class='ocrx_word' id='word_1_168' title='bbox 261 2214 573 2263; x_wconf 87' lang='lat' dir='ltr'><strong>unanimiter</strong></span> <span class='ocrx_word' id='word_1_169' title='bbox 608 2212 881 2261; x_wconf 86' lang='lat' dir='ltr'><strong>dixerunt:</strong></span> <span class='ocrx_word' id='word_1_170' title='bbox 920 2211 1105 2259; x_wconf 86' lang='lat' dir='ltr'><strong>“Ecce</strong></span> <span class='ocrx_word' id='word_1_171' title='bbox 1140 2208 1387 2258; x_wconf 90' lang='lat' dir='ltr'><strong>Almania</strong></span> <span class='ocrx_word' id='word_1_172' title='bbox 1422 2208 1578 2255; x_wconf 88' lang='lat' dir='ltr'><strong>habet</strong></span> <span class='ocrx_word' id='word_1_173' title='bbox 1614 2205 1864 2255; x_wconf 86' lang='lat' dir='ltr'><strong>notabiles</strong></span> 
     </span>
     <span class='ocr_line' id='line_1_27' title="bbox 260 2273 1864 2345; baseline -0.004 -17"><span class='ocrx_word' id='word_1_174' title='bbox 260 2280 565 2345; x_wconf 86' lang='lat' dir='ltr'><strong>Theologos.</strong></span> <span class='ocrx_word' id='word_1_175' title='bbox 640 2280 694 2328; x_wconf 93' lang='lat' dir='ltr'><strong>Si</strong></span> <span class='ocrx_word' id='word_1_176' title='bbox 718 2296 851 2327; x_wconf 90' lang='lat' dir='ltr'><strong>unus</strong></span> <span class='ocrx_word' id='word_1_177' title='bbox 876 2278 1091 2343; x_wconf 84' lang='lat' dir='ltr'><strong>simplex</strong></span> <span class='ocrx_word' id='word_1_178' title='bbox 1117 2277 1290 2326; x_wconf 88' lang='lat' dir='ltr'><strong>scribit</strong></span> <span class='ocrx_word' id='word_1_179' title='bbox 1313 2275 1451 2332; x_wconf 86' lang='lat' dir='ltr'><strong>talia,</strong></span> <span class='ocrx_word' id='word_1_180' title='bbox 1471 2274 1594 2339; x_wconf 92' lang='lat' dir='ltr'><strong>quid</strong></span> <span class='ocrx_word' id='word_1_181' title='bbox 1619 2273 1864 2322; x_wconf 89' lang='lat' dir='ltr'><strong>deberent</strong></span> 
     </span>
     <span class='ocr_line' id='line_1_28' title="bbox 260 2341 1863 2413; baseline -0.006 -17"><span class='ocrx_word' id='word_1_182' title='bbox 260 2349 426 2396; x_wconf 86' lang='lat' dir='ltr'><strong>facere</strong></span> <span class='ocrx_word' id='word_1_183' title='bbox 450 2348 590 2396; x_wconf 90' lang='lat' dir='ltr'><strong>docti</strong></span> <span class='ocrx_word' id='word_1_184' title='bbox 614 2354 666 2396; x_wconf 90' lang='lat' dir='ltr'><strong>et</strong></span> <span class='ocrx_word' id='word_1_185' title='bbox 690 2346 914 2413; x_wconf 93' lang='lat' dir='ltr'><strong>promoti</strong></span> <span class='ocrx_word' id='word_1_186' title='bbox 932 2349 949 2395; x_wconf 68' lang='grc' dir='ltr'><em>ἓ</em></span> <span class='ocrx_word' id='word_1_187' title='bbox 966 2346 989 2363; x_wconf 85' lang='grc'><strong><em>”</em></strong></span> <span class='ocrx_word' id='word_1_188' title='bbox 1060 2345 1134 2393; x_wconf 84' lang='lat' dir='ltr'><strong>Et</strong></span> <span class='ocrx_word' id='word_1_189' title='bbox 1158 2361 1292 2393; x_wconf 91' lang='lat' dir='ltr'><strong>unus</strong></span> <span class='ocrx_word' id='word_1_190' title='bbox 1315 2341 1650 2406; x_wconf 87' lang='lat' dir='ltr'><strong>interrogavit</strong></span> <span class='ocrx_word' id='word_1_191' title='bbox 1676 2356 1773 2396; x_wconf 89' lang='lat' dir='ltr'><strong>me,</strong></span> <span class='ocrx_word' id='word_1_192' title='bbox 1798 2356 1863 2387; x_wconf 89' lang='lat' dir='ltr'><strong>an</strong></span> 
     </span>
     <span class='ocr_line' id='line_1_29' title="bbox 260 2406 1863 2480; baseline -0.006 -17"><span class='ocrx_word' id='word_1_193' title='bbox 260 2415 418 2464; x_wconf 89' lang='lat' dir='ltr'><strong>etiam</strong></span> <span class='ocrx_word' id='word_1_194' title='bbox 437 2414 688 2480; x_wconf 92' lang='lat' dir='ltr'><strong>principes</strong></span> <span class='ocrx_word' id='word_1_195' title='bbox 713 2414 765 2462; x_wconf 93' lang='lat' dir='ltr'><strong>in</strong></span> <span class='ocrx_word' id='word_1_196' title='bbox 791 2412 1036 2462; x_wconf 88' lang='lat' dir='ltr'><strong>Almania</strong></span> <span class='ocrx_word' id='word_1_197' title='bbox 1050 2412 1248 2460; x_wconf 87' lang='lat' dir='ltr'><strong>faciunt</strong></span> <span class='ocrx_word' id='word_1_198' title='bbox 1267 2426 1508 2476; x_wconf 85' lang='lat' dir='ltr'><strong>magnam</strong></span> <span class='ocrx_word' id='word_1_199' title='bbox 1526 2406 1863 2457; x_wconf 89' lang='lat' dir='ltr'><strong>reverentiam</strong></span> 
     </span>
     <span class='ocr_line' id='line_1_30' title="bbox 264 2478 1859 2547; baseline -0.006 -16"><span class='ocrx_word' id='word_1_200' title='bbox 264 2483 338 2531; x_wconf 94' lang='lat' dir='ltr'><strong>Io.</strong></span> <span class='ocrx_word' id='word_1_201' title='bbox 366 2483 457 2531; x_wconf 88' lang='lat' dir='ltr'><strong>P.”</strong></span> <span class='ocrx_word' id='word_1_202' title='bbox 528 2480 790 2547; x_wconf 89' lang='lat' dir='ltr'><strong>Respondi</strong></span> <span class='ocrx_word' id='word_1_203' title='bbox 825 2481 965 2546; x_wconf 92' lang='lat' dir='ltr'><strong>quod</strong></span> <span class='ocrx_word' id='word_1_204' title='bbox 993 2496 1085 2546; x_wconf 91' lang='lat' dir='ltr'><strong>pro</strong></span> <span class='ocrx_word' id='word_1_205' title='bbox 1110 2486 1254 2544; x_wconf 89' lang='lat' dir='ltr'><strong>parte</strong></span> <span class='ocrx_word' id='word_1_206' title='bbox 1278 2478 1348 2527; x_wconf 91' lang='lat' dir='ltr'><strong>sic</strong></span> <span class='ocrx_word' id='word_1_207' title='bbox 1377 2484 1431 2526; x_wconf 91' lang='lat' dir='ltr'><strong>et</strong></span> <span class='ocrx_word' id='word_1_208' title='bbox 1458 2494 1549 2541; x_wconf 91' lang='lat' dir='ltr'><strong>pro</strong></span> <span class='ocrx_word' id='word_1_209' title='bbox 1573 2482 1718 2540; x_wconf 89' lang='lat' dir='ltr'><strong>parte</strong></span> <span class='ocrx_word' id='word_1_210' title='bbox 1742 2490 1859 2522; x_wconf 93' lang='lat' dir='ltr'><strong>non.</strong></span> 
     </span>
     <span class='ocr_line' id='line_1_31' title="bbox 262 2542 1861 2615; baseline -0.008 -16"><span class='ocrx_word' id='word_1_211' title='bbox 262 2550 338 2599; x_wconf 82' lang='lat' dir='ltr'><strong>Et</strong></span> <span class='ocrx_word' id='word_1_212' title='bbox 361 2550 582 2613; x_wconf 91' lang='lat' dir='ltr'><strong>qualiter</strong></span> <span class='ocrx_word' id='word_1_213' title='bbox 604 2550 712 2615; x_wconf 92' lang='lat' dir='ltr'><strong>ipse</strong></span> <span class='ocrx_word' id='word_1_214' title='bbox 736 2556 815 2597; x_wconf 92' lang='lat' dir='ltr'><strong>est</strong></span> <span class='ocrx_word' id='word_1_215' title='bbox 837 2565 986 2597; x_wconf 88' lang='lat' dir='ltr'><strong>verus</strong></span> <span class='ocrx_word' id='word_1_216' title='bbox 1005 2553 1058 2596; x_wconf 93' lang='lat' dir='ltr'><strong>et</strong></span> <span class='ocrx_word' id='word_1_217' title='bbox 1075 2547 1293 2595; x_wconf 88' lang='lat' dir='ltr'><strong>dilectus</strong></span> <span class='ocrx_word' id='word_1_218' title='bbox 1318 2544 1615 2594; x_wconf 89' lang='lat' dir='ltr'><strong>sollicitator</strong></span> <span class='ocrx_word' id='word_1_219' title='bbox 1636 2542 1861 2606; x_wconf 86' lang='lat' dir='ltr'><strong>Impera-</strong></span> 
     </span>
    </p>
   </div>
   <div class='ocr_carea' id='block_1_14' title="bbox 260 2609 1936 2682">
    <p class='ocr_par' dir='ltr' id='par_1_14' title="bbox 260 2609 1936 2682">
     <span class='ocr_line' id='line_1_32' title="bbox 260 2609 1936 2682; baseline -0.007 -17"><span class='ocrx_word' id='word_1_220' title='bbox 260 2623 386 2665; x_wconf 84' lang='lat' dir='ltr'><strong>toris</strong></span> <span class='ocrx_word' id='word_1_221' title='bbox 433 2617 498 2664; x_wconf 92' lang='lat' dir='ltr'><strong>ad</strong></span> <span class='ocrx_word' id='word_1_222' title='bbox 533 2616 910 2682; x_wconf 89' lang='lat' dir='ltr'><strong>procurandum</strong></span> <span class='ocrx_word' id='word_1_223' title='bbox 959 2615 1229 2679; x_wconf 88' lang='lat' dir='ltr'><strong>negotium</strong></span> <span class='ocrx_word' id='word_1_224' title='bbox 1275 2612 1339 2661; x_wconf 90' lang='lat' dir='ltr'><strong>de</strong></span> <span class='ocrx_word' id='word_1_225' title='bbox 1373 2611 1512 2660; x_wconf 91' lang='lat' dir='ltr'><strong>libris</strong></span> <span class='ocrx_word' id='word_1_226' title='bbox 1550 2609 1858 2658; x_wconf 89' lang='lat' dir='ltr'><strong>Iudaeorum</strong></span> <span class='ocrx_word' id='word_1_227' title='bbox 1917 2628 1936 2649; x_wconf 80' lang='grc' dir='ltr'>ο</span> 
     </span>
    </p>
   </div>
   <div class='ocr_carea' id='block_1_15' title="bbox 260 2675 1864 3015">
    <p class='ocr_par' dir='ltr' id='par_1_15' title="bbox 260 2675 1864 3015">
     <span class='ocr_line' id='line_1_33' title="bbox 260 2675 1862 2749; baseline -0.006 -17"><span class='ocrx_word' id='word_1_228' title='bbox 260 2690 316 2732; x_wconf 90' lang='lat' dir='ltr'><strong>et</strong></span> <span class='ocrx_word' id='word_1_229' title='bbox 351 2690 693 2749; x_wconf 88' lang='lat' dir='ltr'><strong>augmentum</strong></span> <span class='ocrx_word' id='word_1_230' title='bbox 729 2683 847 2732; x_wconf 91' lang='lat' dir='ltr'><strong>fidei</strong></span> <span class='ocrx_word' id='word_1_231' title='bbox 883 2681 1217 2730; x_wconf 88' lang='lat' dir='ltr'><strong>Christianae.</strong></span> <span class='ocrx_word' id='word_1_232' title='bbox 1312 2679 1386 2727; x_wconf 91' lang='lat' dir='ltr'><strong>Et</strong></span> <span class='ocrx_word' id='word_1_233' title='bbox 1421 2677 1560 2742; x_wconf 92' lang='lat' dir='ltr'><strong>quod</strong></span> <span class='ocrx_word' id='word_1_234' title='bbox 1596 2675 1862 2741; x_wconf 90' lang='lat' dir='ltr'><strong>episcopus</strong></span> 
     </span>
     <span class='ocr_line' id='line_1_34' title="bbox 266 2742 1862 2816; baseline -0.005 -18"><span class='ocrx_word' id='word_1_235' title='bbox 266 2751 682 2816; x_wconf 88' lang='lat' dir='ltr'><strong>Moguntinensis</strong></span> <span class='ocrx_word' id='word_1_236' title='bbox 719 2750 832 2816; x_wconf 91' lang='lat' dir='ltr'><strong>piae</strong></span> <span class='ocrx_word' id='word_1_237' title='bbox 874 2750 1148 2799; x_wconf 88' lang='lat' dir='ltr'><strong>memoriae</strong></span> <span class='ocrx_word' id='word_1_238' title='bbox 1195 2747 1471 2796; x_wconf 86' lang='lat' dir='ltr'><strong>defunctus</strong></span> <span class='ocrx_word' id='word_1_239' title='bbox 1518 2744 1619 2792; x_wconf 91' lang='lat' dir='ltr'><strong>iam</strong></span> <span class='ocrx_word' id='word_1_240' title='bbox 1666 2742 1862 2791; x_wconf 90' lang='lat' dir='ltr'><strong>solebat</strong></span> 
     </span>
     <span class='ocr_line' id='line_1_35' title="bbox 263 2809 1862 2881; baseline -0.007 -15"><span class='ocrx_word' id='word_1_241' title='bbox 263 2834 384 2866; x_wconf 90' lang='lat' dir='ltr'><strong>eum</strong></span> <span class='ocrx_word' id='word_1_242' title='bbox 433 2818 581 2866; x_wconf 88' lang='lat' dir='ltr'><strong>valde</strong></span> <span class='ocrx_word' id='word_1_243' title='bbox 628 2834 798 2866; x_wconf 88' lang='lat' dir='ltr'><strong>amare</strong></span> <span class='ocrx_word' id='word_1_244' title='bbox 845 2823 898 2866; x_wconf 90' lang='lat' dir='ltr'><strong>et</strong></span> <span class='ocrx_word' id='word_1_245' title='bbox 944 2815 1176 2881; x_wconf 89' lang='lat' dir='ltr'><strong>promisit</strong></span> <span class='ocrx_word' id='word_1_246' title='bbox 1224 2814 1269 2862; x_wconf 90' lang='lat' dir='ltr'><strong>ei</strong></span> <span class='ocrx_word' id='word_1_247' title='bbox 1316 2811 1566 2860; x_wconf 86' lang='lat' dir='ltr'><strong>auxilium</strong></span> <span class='ocrx_word' id='word_1_248' title='bbox 1612 2809 1665 2857; x_wconf 93' lang='lat' dir='ltr'><strong>in</strong></span> <span class='ocrx_word' id='word_1_249' title='bbox 1711 2809 1862 2857; x_wconf 87' lang='lat' dir='ltr'><strong>rebus</strong></span> 
     </span>
     <span class='ocr_line' id='line_1_36' title="bbox 262 2876 1864 2948; baseline -0.006 -15"><span class='ocrx_word' id='word_1_250' title='bbox 262 2884 502 2933; x_wconf 91' lang='lat' dir='ltr'><strong>omnibus</strong></span> <span class='ocrx_word' id='word_1_251' title='bbox 526 2891 782 2948; x_wconf 89' lang='lat' dir='ltr'><strong>quantum</strong></span> <span class='ocrx_word' id='word_1_252' title='bbox 807 2884 851 2932; x_wconf 93' lang='lat' dir='ltr'><strong>ei</strong></span> <span class='ocrx_word' id='word_1_253' title='bbox 874 2883 975 2932; x_wconf 89' lang='lat' dir='ltr'><strong>fuit</strong></span> <span class='ocrx_word' id='word_1_254' title='bbox 1008 2881 1272 2948; x_wconf 88' lang='lat' dir='ltr'><strong>possibile:</strong></span> <span class='ocrx_word' id='word_1_255' title='bbox 1309 2886 1362 2928; x_wconf 92' lang='lat' dir='ltr'><strong>et</strong></span> <span class='ocrx_word' id='word_1_256' title='bbox 1396 2877 1602 2942; x_wconf 90' lang='lat' dir='ltr'><strong>quando</strong></span> <span class='ocrx_word' id='word_1_257' title='bbox 1636 2876 1864 2924; x_wconf 90' lang='lat' dir='ltr'><strong>ambula-</strong></span> 
     </span>
     <span class='ocr_line' id='line_1_37' title="bbox 265 2943 1862 3015; baseline -0.006 -15"><span class='ocrx_word' id='word_1_258' title='bbox 265 2951 341 3000; x_wconf 86' lang='lat' dir='ltr'><strong>vit</strong></span> <span class='ocrx_word' id='word_1_259' title='bbox 364 2950 603 3000; x_wconf 91' lang='lat' dir='ltr'><strong>hincinde</strong></span> <span class='ocrx_word' id='word_1_260' title='bbox 626 2951 679 2999; x_wconf 92' lang='lat' dir='ltr'><strong>in</strong></span> <span class='ocrx_word' id='word_1_261' title='bbox 704 2950 917 3015; x_wconf 86' lang='lat' dir='ltr'><strong>negocio</strong></span> <span class='ocrx_word' id='word_1_262' title='bbox 942 2950 1076 3007; x_wconf 88' lang='lat' dir='ltr'><strong>fidei,</strong></span> <span class='ocrx_word' id='word_1_263' title='bbox 1102 2956 1229 2998; x_wconf 90' lang='lat' dir='ltr'><strong>tunc</strong></span> <span class='ocrx_word' id='word_1_264' title='bbox 1255 2946 1397 2995; x_wconf 91' lang='lat' dir='ltr'><strong>dedit</strong></span> <span class='ocrx_word' id='word_1_265' title='bbox 1421 2952 1474 2995; x_wconf 91' lang='lat' dir='ltr'><strong>et</strong></span> <span class='ocrx_word' id='word_1_266' title='bbox 1498 2943 1673 3008; x_wconf 86' lang='lat' dir='ltr'><strong>magni</strong></span> <span class='ocrx_word' id='word_1_267' title='bbox 1707 2943 1862 3009; x_wconf 86' lang='lat' dir='ltr'><strong>precii</strong></span> 
     </span>
    </p>
   </div>
   <div class='ocr_carea' id='block_1_16' title="bbox 573 3067 1538 3162">
    <p class='ocr_par' dir='ltr' id='par_1_16' title="bbox 573 3067 1538 3162">
     <span class='ocr_line' id='line_1_38' title="bbox 573 3067 1141 3117; baseline -0.005 -11"><span class='ocrx_word' id='word_1_268' title='bbox 573 3070 601 3090; x_wconf 82' lang='lat'><strong>³¹</strong></span> <span class='ocrx_word' id='word_1_269' title='bbox 617 3083 702 3115; x_wconf 61' lang='lat' dir='ltr'><strong>seer).</strong></span> <span class='ocrx_word' id='word_1_270' title='bbox 752 3074 822 3115; x_wconf 66' lang='lat' dir='ltr'><strong>Sic,</strong></span> <span class='ocrx_word' id='word_1_271' title='bbox 841 3073 878 3106; x_wconf 87' lang='lat' dir='ltr'><strong>iu</strong></span> <span class='ocrx_word' id='word_1_272' title='bbox 897 3069 963 3117; x_wconf 89' lang='lat' dir='ltr'><strong>[D]</strong></span> <span class='ocrx_word' id='word_1_273' title='bbox 978 3071 1052 3104; x_wconf 88' lang='lat' dir='ltr'><strong>and</strong></span> <span class='ocrx_word' id='word_1_274' title='bbox 1068 3067 1141 3116; x_wconf 87' lang='lat' dir='ltr'><strong>[E].</strong></span> 
     </span>
     <span class='ocr_line' id='line_1_39' title="bbox 576 3113 1538 3162; baseline -0.004 -10"><span class='ocrx_word' id='word_1_275' title='bbox 576 3117 603 3138; x_wconf 76' lang='lat'><strong>³⁸</strong></span> <span class='ocrx_word' id='word_1_276' title='bbox 620 3121 719 3162; x_wconf 47' lang='lat' dir='ltr'><strong>episc.</strong></span> <span class='ocrx_word' id='word_1_277' title='bbox 740 3121 826 3162; x_wconf 70' lang='lat' dir='ltr'><strong>May.</strong></span> <span class='ocrx_word' id='word_1_278' title='bbox 840 3130 852 3153; x_wconf 90' lang='lat'><strong>.·</strong></span> <span class='ocrx_word' id='word_1_279' title='bbox 879 3118 977 3152; x_wconf 63' lang='lat' dir='ltr'><strong>[viel</strong></span> <span class='ocrx_word' id='word_1_280' title='bbox 996 3129 1066 3151; x_wconf 84' lang='lat' dir='ltr'><strong>von</strong></span> <span class='ocrx_word' id='word_1_281' title='bbox 1089 3115 1348 3159; x_wconf 75' lang='lat' dir='ltr'><strong>Gemrningen,</strong></span> <span class='ocrx_word' id='word_1_282' title='bbox 1368 3115 1414 3148; x_wconf 80' lang='lat' dir='ltr'><strong>ob.</strong></span> <span class='ocrx_word' id='word_1_283' title='bbox 1439 3113 1538 3148; x_wconf 74' lang='lat'><strong>1514.</strong></span> 
     </span>
    </p>
   </div>
   <div class='ocr_carea' id='block_1_17' title="bbox 1027 3177 1119 3220">
    <p class='ocr_par' dir='ltr' id='par_1_17' title="bbox 1027 3177 1119 3220">
     <span class='ocr_line' id='line_1_40' title="bbox 1027 3177 1119 3220; baseline -0.033 0"><span class='ocrx_word' id='word_1_284' title='bbox 1027 3177 1119 3220; x_wconf 84' lang='lat'><strong>211</strong></span> 
     </span>
    </p>
   </div>
   <div class='ocr_carea' id='block_1_18' title="bbox 1900 2284 1938 2313">
    <p class='ocr_par' dir='ltr' id='par_1_18' title="bbox 1900 2284 1938 2313">
     <span class='ocr_line' id='line_1_41' title="bbox 1900 2284 1938 2313; baseline 0 0"><span class='ocrx_word' id='word_1_285' title='bbox 1900 2284 1938 2313; x_wconf 86' lang='lat'><strong>10</strong></span> 
     </span>
    </p>
   </div>
   <div class='ocr_carea' id='block_1_19' title="bbox 1897 2955 1936 2985">
    <p class='ocr_par' dir='ltr' id='par_1_19' title="bbox 1897 2955 1936 2985">
     <span class='ocr_line' id='line_1_42' title="bbox 1897 2955 1936 2985; baseline 0.051 -2"><span class='ocrx_word' id='word_1_286' title='bbox 1897 2955 1936 2985; x_wconf 77' lang='lat'><strong>20</strong></span> 
     </span>
    </p>
   </div>
  </div>
 </body>
</html>
