2247 3637
194 265 222 304 Ι.
247 268 315 317 20]

190 382 308 430 prae
333 364 571 413 omnibus
595 363 717 411 aliis.

448 253 656 310 IOAN
659 253 716 310 N
724 254 821 309 Es
877 252 1521 312 LUCIBULARIUS

791 363 864 411 Et
889 364 1087 413 dixistis
1111 365 1249 428 quod
1275 364 1517 411 audacter
1541 363 1779 411 deberem

192 449 281 480 vos
317 433 568 487 invocare,
592 437 718 479 tunc
755 430 953 480 velletis
987 432 1109 479 mihi
1143 431 1430 496 suppetiare
1455 430 1586 478 sicut
1620 429 1780 485 fratri,

192 506 244 547 et
276 516 378 546 non
412 498 608 546 velletis
641 515 724 545 me
759 498 1108 563 derelinquere
1144 499 1196 546 in
1232 497 1477 562 angustiis
1511 496 1668 545 meis:
1711 497 1780 544 sic

191 583 328 614 nunc
364 582 488 629 rogo
525 582 613 613 vos
651 581 742 629 pro
780 582 950 613 amore
988 566 1084 622 dei,
1110 565 1229 630 quia
1266 571 1344 613 est
1380 565 1526 612 valde
1565 580 1781 619 necesse,
1816 583 1854 613 10

192 633 329 697 quod
360 632 555 680 velletis
585 632 710 679 mihi
739 633 1023 689 subvenire,
1048 633 1168 696 quia
1191 631 1405 697 potestis
1435 631 1575 678 bene.

1649 631 1781 678 Rec-

190 706 271 748 tor
303 699 382 747 hic
415 698 696 747 licentiavit
725 716 889 747 unum
919 700 1352 755 collaboratorem,
1379 704 1430 746 et
1459 698 1572 745 vult
1601 697 1784 744 habere

192 783 354 814 unum
379 766 536 814 alium
558 784 567 814 :
604 773 913 831 quapropter
939 767 1103 815 velitis
1128 783 1219 831 pro
1244 783 1325 813 me
1351 765 1565 814 scribere
1589 764 1784 812 litteras

191 833 575 898 promotoriales
622 834 761 898 quod
804 834 928 881 velit
969 850 1056 882 seu
1098 834 1339 898 dignetur
1385 849 1466 880 me
1505 838 1780 896 acceptare.

193 901 331 958 Quia
363 901 464 948 iam
496 917 600 948 non
632 901 794 948 habeo
819 901 1037 966 amplius
1069 902 1132 948 de
1164 900 1394 965 pecunia,
1421 900 1540 963 quia
1572 897 1784 964 exposui
1819 916 1857 945 15

191 968 377 1024 omnia,
415 975 466 1015 et
504 968 661 1016 etiam
697 967 799 1016 emi
833 968 986 1016 libros
1024 975 1076 1016 et
1113 968 1319 1016 calceos.

192 1035 334 1083 vistis
381 1052 463 1082 me
511 1035 648 1098 quod
696 1052 809 1083 sum
858 1036 1109 1083 sufficiens
1156 1035 1220 1083 de
1266 1034 1430 1099 gratia
1477 1033 1573 1082 dei.

1392 968 1500 1015 Vos
1528 967 1655 1014 bene
1693 982 1785 1012 no-

1646 1032 1785 1089 Quia

191 1102 398 1167 quando
419 1119 508 1149 vos
531 1102 700 1150 fuistis
719 1103 1050 1158 Daventriae‚
1069 1109 1196 1150 tunc
1221 1119 1316 1166 ego
1340 1101 1414 1149 fui
1439 1100 1786 1154 secundarium

190 1176 241 1217 et
268 1176 447 1233 postea
471 1170 522 1217 in
549 1169 762 1217 Colonia
787 1169 906 1217 steti
930 1187 1017 1235 per
1041 1186 1250 1225 annum,
1275 1169 1347 1216 ita
1370 1169 1509 1232 quod
1535 1166 1787 1233 complevi

191 1254 282 1301 pro
317 1237 479 1302 gradu
518 1237 950 1292 baccalauriatus;
992 1243 1045 1284 et
1080 1237 1289 1284 fuissem
1326 1236 1482 1284 etiam
1518 1240 1785 1300 promotus

193 1304 323 1352 circa
346 1304 537 1351 festum
563 1304 843 1360 Michaelis,
871 1305 910 1351 si
935 1304 1223 1352 habuissem
1247 1303 1531 1368 pecuniam.
1609 1301 1787 1350 Etiam

194 1371 296 1419 scio
343 1371 654 1419 scholaribus
702 1388 958 1420 resumere
999 1370 1323 1418 Exercitium
1370 1386 1663 1434 puerorum,
1706 1368 1787 1416 vel

194 1439 339 1504 Opus
374 1439 545 1486 minus
575 1439 825 1487 secundae
861 1437 1051 1503 partis3
1087 1444 1140 1486 et
1176 1438 1278 1485 scio
1314 1444 1475 1485 artem
1512 1435 1787 1485 scandendi

193 1511 252 1553 ut
282 1522 372 1553 vos
400 1505 643 1553 docuistis
677 1522 774 1560 me,
806 1511 859 1553 et
892 1506 1109 1552 Petrum
1143 1505 1438 1569 Hispanum
1467 1504 1519 1551 in
1548 1503 1787 1552 omnibus

191 1573 510 1629 tractatibus,
532 1579 584 1620 et
609 1573 892 1620 Parvulum
917 1572 1266 1637 philosophiae
1291 1571 1550 1619 naturalis.
1612 1571 1788 1618 Etiam

239 1704 253 1724 ⁸
276 1709 475 1750 suppetiare
488 1718 499 1740 :
525 1706 582 1740 for
601 1706 629 1723 “
643 1705 883 1751 suppetiari.⁷’

241 1752 269 1772 ¹²
291 1756 403 1789 licent.
415 1766 427 1787 .·
445 1754 668 1788 “dismissed
682 1753 701 1768 ”
718 1764 727 1795 ;
744 1753 819 1787 this
835 1764 960 1787 mean-

192 1802 258 1845 ing
298 1802 327 1835 is
369 1805 436 1835 not
475 1799 611 1845 wholly
643 1801 788 1845 foreign
821 1804 861 1834 to
895 1800 959 1834 the

194 1847 349 1893 English
385 1847 599 1882 “licence’'
633 1846 708 1892 (vm)
765 1847 959 1881 “Licence

192 1895 286 1929 from
312 1895 398 1929 thee
422 1895 506 1929 that
530 1895 720 1929 needlesse
745 1894 961 1939 suspition.”

192 1941 406 2021 SouighwelL
429 1944 477 1977 M.
500 1943 616 1986 Mayd.
643 1943 802 1976 Funera!
824 1943 960 1984 Lem-es,

192 2001 225 2035 p·
240 1990 268 2055 ¹1²
292 1988 886 2071 ⁶820}[12{?)‡c)2207·{ffl',·Efflpgssjstant
922 2040 961 2070 to

191 2084 256 2118 the
274 2083 424 2128 regular
442 2088 572 2117 tutors.

241 2130 268 2149 ¹⁵
291 2133 356 2165 de:
404 2131 446 2164 of
481 2131 656 2176 frequent
697 2142 761 2164 use
809 2130 847 2165 in
897 2130 961 2165 the

196 2179 235 2212 E.
256 2178 300 2212 O.
321 2177 363 2212 V.
383 2178 441 2212 for
458 2178 522 2212 the
539 2178 704 2223 genitive
722 2188 813 2211 case.

241 2224 267 2243 ¹⁵
293 2228 461 2268 expomci:
504 2225 628 2259 “have
669 2229 778 2270 spent
789 2225 833 2265 ”3
877 2236 961 2270 pro-

194 2272 303 2317 bably
344 2273 521 2306 intended
562 2284 601 2305 as
641 2284 662 2305 a
704 2271 862 2306 blunder
902 2273 960 2306 for

196 2321 222 2337 ‘⁶
237 2320 395 2365 expendi
410 2319 428 2334 ’⁹
444 2329 452 2361 3
511 2319 533 2336 “
548 2330 732 2364 exponere
747 2319 766 2333 ’'
820 2330 959 2361 occurs,

195 2367 373 2407 however,
408 2367 446 2400 in
479 2366 544 2400 the
577 2378 681 2400 sense
722 2367 763 2400 of
801 2366 960 2400 “throw

195 2413 396 2448 overboard
411 2414 428 2428 '’
456 2414 494 2447 in
519 2414 584 2447 the
610 2415 729 2457 Digest
755 2413 882 2458 (Marc.
903 2415 960 2456 39,

194 2463 230 2504 4,
242 2460 524 2542 l{⁸6.;’05’§c·1187{{iarius
537 2519 549 2541 .·
586 2507 773 2550 Classical,
803 2506 870 2541 but
895 2512 962 2542 not

193 2555 392 2590 elsewhere
410 2555 498 2589 used
517 2555 554 2588 in
573 2555 637 2589 the
656 2555 696 2588 Ε.
715 2555 760 2588 O.
777 2554 820 2592 V.
836 2565 844 2595 ;
873 2555 962 2589 here

197 2603 275 2636 “in
293 2603 357 2636 the
374 2602 510 2636 second
528 2601 621 2635 class
634 2602 651 2617 ’¹
668 2614 707 2635 as
723 2614 744 2635 a
761 2602 922 2636 student.

242 2648 269 2668 ¹⁹
295 2651 478 2692 complevi:
504 2648 663 2683 fulfilled
681 2648 732 2682 all
751 2648 815 2683 the
838 2661 962 2683 neces-

194 2708 278 2742 sary
295 2696 503 2730 conditions
519 2695 758 2741 preliminary
774 2700 813 2730 to
831 2696 963 2740 taking

196 2743 253 2776 his
269 2743 600 2787 degree—(except
616 2747 792 2789 payment
804 2743 847 2777 of
859 2744 961 2787 sees).

243 2788 271 2808 ²²
295 2792 522 2824 Exercitium.
541 2790 620 2824 The
627 2792 844 2825 Exercitium
852 2792 964 2825 Puer-

196 2848 298 2870 orum
323 2848 393 2870 was
421 2849 441 2870 a
467 2849 555 2882 very
584 2836 740 2883 popular
768 2837 962 2872 text—book

197 2882 379 2928 compiled
398 2884 443 2929 by
461 2896 506 2917 nn
527 2884 715 2918 unknown
741 2884 851 2920 hand.
902 2884 962 2918 An

196 2929 365 2975 example
382 2931 411 2963 is
430 2942 485 2964 :—

247 2977 273 2994 “
290 2977 514 3011 Exercitium
544 2977 747 3012 Puerorum
773 2978 964 3012 Gramma-

196 3022 308 3057 ticale
334 3024 371 3057 in
398 3024 514 3057 dietas
537 3025 785 3058 distributum.
836 3025 964 3070 Nuper

198 3082 263 3116 per
304 3070 520 3114 diligentem
565 3072 603 3104 in
646 3071 772 3106 multis
809 3073 964 3116 castiga-

196 3119 337 3152 tionem
370 3117 416 3151 de
446 3128 539 3151 novo
572 3119 815 3162 recognitum.
877 3119 963 3152 Non

1025 1706 1104 1738 sine
1121 1704 1374 1750 plusculorum
1394 1716 1487 1749 quae
1506 1705 1629 1749 pueris
1646 1703 1794 1748 profore

1026 1753 1102 1786 visa
1117 1757 1207 1786 sunt
1222 1764 1230 1786 ε
1256 1752 1445 1786 additione
1461 1751 1675 1786 necessaria.

1077 1800 1102 1817 ‘⁶
1119 1800 1323 1845 Impressus
1341 1799 1558 1844 Maguntiae
1575 1810 1640 1844 per
1654 1798 1678 1831 J
1681 1797 1794 1832 ohan-

1027 1858 1101 1881 nen
1154 1847 1320 1881 Schoffer
1370 1846 1481 1880 Anno
1531 1845 1796 1880 incarnationis

1028 1894 1337 1938 Quingentesimo
1354 1898 1469 1928 sexto.
1512 1893 1639 1927 Idibus
1657 1891 1797 1938 Aprilis

1028 1941 1174 1975 tertio.’'
1224 1941 1417 1986 (Without
1443 1941 1669 1986 pagination.
1721 1940 1792 1985 Sig.

1076 1988 1185 2070 Aft>er
1217 2035 1281 2070 the
1315 2035 1508 2081 colophon,
1544 2034 1796 2068 “Informatio

1029 2082 1183 2128 pulchra
1215 2095 1256 2117 ac
1296 2082 1366 2117 fide
1405 2083 1517 2127 digna
1557 2082 1602 2116 de
1645 2081 1798 2115 Rosario

1027 2130 1187 2175 gloriose
1206 2131 1358 2175 virginis
1373 2129 1525 2164 Marie.'’
1567 2129 1614 2173 (A
1630 2128 1797 2163 woodcut

1029 2189 1076 2211 on
1094 2178 1158 2212 the
1176 2177 1247 2212 last
1265 2178 1385 2222 page.)

1076 2223 1102 2242 ²³
1127 2236 1213 2268 opus
1226 2227 1362 2258 minus:
1384 2226 1436 2258 τῖε.
1451 2224 1516 2258 the
1531 2224 1559 2241 “
1570 2235 1660 2269 opus
1674 2223 1796 2257 minus

1027 2273 1167 2317 primae
1224 2276 1261 2306 et
1316 2272 1499 2306 secundae
1556 2272 1671 2316 partis
1684 2270 1703 2285 '’
1759 2270 1802 2304 of

1028 2319 1241 2353 Alexander
1258 2319 1540 2352 Grammaticus,

1076 2364 1103 2384 ²¹²
1128 2368 1220 2401 Petr.
1242 2368 1342 2409 Hisp.
1392 2366 1460 2400 See
1478 2367 1500 2399 i.
1523 2366 1578 2408 ll,
1597 2376 1633 2398 n.

1076 2412 1102 2431 ²⁵
1128 2415 1323 2447 Paro-ulum
1335 2425 1346 2446 .·
1371 2412 1459 2458 only
1474 2424 1564 2447 once
1581 2410 1796 2446 mentioned

1029 2461 1068 2494 in
1086 2461 1151 2494 the
1170 2461 1210 2493 E.
1230 2460 1274 2493 O.
1296 2460 1337 2494 V.

1080 2508 1104 2525 “
1118 2506 1299 2541 Parvulns
1341 2506 1577 2551 Philosophie
1617 2503 1798 2539 naturalis

1029 2566 1113 2589 cum
1122 2554 1316 2589 utilissimo
1328 2554 1592 2588 commentario
1603 2553 1647 2586 ad
1660 2551 1798 2586 studio-

1028 2614 1151 2636 sorum
1167 2602 1373 2646 profectum
1393 2613 1458 2646 per
1474 2600 1691 2644 magistrum
1708 2598 1798 2632 Gre-

1029 2650 1175 2694 gorium
1201 2649 1417 2694 Bretykoph
1445 2648 1489 2681 de
1516 2647 1654 2680 Konitz
1682 2645 1799 2679 recol-

1030 2696 1137 2731 lecto.
1177 2696 1327 2740 Insigne
1338 2695 1361 2727 J
1366 2694 1454 2728 acob
1464 2693 1651 2727 Thauneri
1663 2692 1798 2736 (1511).

1032 2743 1134 2777 F01.”
1187 2743 1338 2784 Panzer,
1358 2745 1452 2775 Avm.
1474 2742 1571 2784 Typ„
1592 2741 1650 2774 vii.
1672 2740 1748 2775 173.

1078 2790 1157 2824 The
1191 2790 1275 2823 date
1307 2789 1506 2833 suggested
1540 2788 1580 2829 is,
1614 2786 1796 2829 however,

1032 2848 1242 2871 erroneous.
1291 2835 1370 2869 The
1396 2836 1488 2868 Brit.
1509 2834 1604 2868 Mus.
1624 2846 1715 2879 copy
1734 2833 1799 2867 has

1031 2885 1088 2918 for
1102 2883 1298 2927 colophon,
1313 2894 1360 2915 on
1374 2882 1438 2916 the
1451 2881 1532 2915 first
1545 2881 1800 2915 unnumbered

1031 2930 1131 2965 leaf:
1158 2931 1178 2947 ‘⁴
1192 2930 1352 2963 Finitum
1371 2933 1426 2963 est
1443 2929 1512 2962 hoc
1526 2928 1740 2974 opusculum
1761 2929 1799 2962 in

1033 2978 1211 3022 famigera
1230 2977 1412 3021 Liptzensi
1430 2976 1615 3010 academia
1641 2975 1798 3021 Impres-

1032 3036 1112 3058 sum
1148 3036 1213 3069 per
1246 3022 1438 3068 providum
1470 3023 1590 3056 virum
1626 3022 1797 3057 Iacobum

1032 3071 1207 3105 Thanner
1223 3070 1410 3103 concivem
1428 3069 1538 3103 Anno
1560 3081 1582 3103 a
1606 3070 1800 3104 nativitate

1034 3119 1173 3152 domini
1207 3117 1325 3151 nostri
1357 3115 1549 3151 salvatoris
1582 3115 1800 3152 Millesimo-

973 3177 1035 3219 55

1822 1249 1860 1278 20

1825 1589 1864 1618 25
