2247 3637
1009 528 1147 574 LXI

303 663 366 710 (I
391 661 501 708 PE
509 662 543 708 'l
547 661 607 707 'R
619 661 712 707 US
746 660 1111 708 CHARITA
1129 660 1257 707 TIS
1279 660 1470 708 Cursor
1494 660 1547 706 in
1576 659 1848 707 Gramatict

527 734 573 775 et
589 726 853 791 professor
877 727 927 774 in
955 727 1093 789 loyca
1120 728 1169 775 S.
1198 727 1270 774 D.
1299 728 1378 774 M.
1411 726 1628 774 Ort-uino

281 859 1036 982 REVERENDISSIME
1068 861 1274 909 domine
1311 862 1574 925 Magister.
1637 861 1776 917 Quia
1800 861 1880 909 hic

437 934 556 975 ante
580 928 746 992 picem
772 928 876 976 sive
912 928 1206 976 Harzonem
1243 936 1320 977 est
1352 928 1688 976 Consuetudo
1722 928 1881 984 Quod

280 996 332 1043 in
357 995 440 1042 die
466 995 657 1042 habent
682 1011 881 1060 semper
913 996 1038 1043 duas
1067 996 1260 1051 zechas,
1287 996 1410 1043 Una
1434 1002 1646 1043 vocatur
1672 996 1880 1044 Civium

281 1063 432 1110 zecha
471 1062 544 1109 Et
587 1061 765 1126 incipit
808 1063 929 1110 hora
968 1063 1290 1118 duodecimo,
1321 1069 1373 1110 et
1409 1069 1582 1110 manet
1620 1080 1781 1127 usque
1818 1062 1881 1111 ad

281 1130 459 1178 horam
484 1136 723 1193 quartam
748 1129 852 1177 sive
877 1130 1144 1194 quintam;
1180 1130 1366 1178 Altera
1397 1136 1610 1177 vocatur
1639 1137 1882 1178 nocturn-

280 1197 371 1245 alis
388 1202 439 1244 et
455 1203 572 1260 post
588 1196 796 1260 zecha‚q
811 1214 839 1244 a
852 1196 1033 1261 quinta
1048 1197 1171 1245 hora
1187 1197 1366 1261 incipit
1384 1203 1435 1244 et
1449 1197 1882 1245 duratlnterdum

282 1265 346 1312 ad
371 1270 623 1318 octavam,
644 1281 849 1320 nonam,
872 1271 923 1311 et
948 1264 1105 1312 etiam
1130 1264 1382 1312 decimam
1407 1263 1601 1320 horam,
1622 1265 1882 1312 interdum

282 1331 437 1379 etiam
461 1330 612 1378 durat
638 1348 800 1394 usque
824 1332 887 1378 ad
907 1331 1265 1379 duodecimam
1285 1337 1337 1378 et
1357 1331 1420 1378 ad
1439 1332 1657 1395 primam
1677 1332 1854 1379 horam
1873 1350 1882 1380 ε

284 1399 357 1446 Et
390 1398 574 1446 divites
612 1399 761 1454 cives,
793 1405 844 1445 et
878 1399 1035 1446 etiam
1065 1399 1311 1454 consules,
1339 1404 1391 1445 et
1421 1399 1660 1459 Magistri
1694 1399 1884 1447 civium

283 1465 488 1529 quando
514 1465 564 1512 in
589 1465 753 1530 prima
784 1466 935 1513 zecha
968 1465 1209 1513 sederunt
1240 1472 1292 1513 et
1326 1466 1445 1512 satis
1478 1466 1732 1522 biberunt,
1757 1473 1883 1514 tunc

283 1533 492 1580 solvunt
526 1538 579 1580 et
614 1533 811 1580 vadunt
853 1533 916 1579 ad
958 1533 1185 1580 domum.
1262 1532 1361 1579 Sed
1404 1532 1601 1580 iuvenis
1643 1534 1792 1581 bursa
1833 1540 1885 1581 et

284 1599 355 1647 illi
398 1599 519 1647 socii
559 1600 648 1663 qui
690 1616 791 1646 non
833 1599 1059 1646 multum
1102 1605 1282 1647 curant
1323 1600 1447 1663 quid
1473 1600 1626 1648 solvit
1666 1600 1881 1649 tritticsi.

285 1666 381 1714 Isti
424 1673 636 1714 manent
679 1667 851 1714 sedere
892 1666 944 1713 in
981 1666 1067 1713 illa
1113 1666 1384 1731 postzecha
1425 1673 1478 1714 et
1518 1667 1703 1715 bibunt
1745 1685 1801 1715 ac
1845 1667 1885 1715 si

285 1751 465 1798 corpus
491 1740 543 1780 et
572 1734 797 1781 animam
831 1733 1062 1781 solveret.
1136 1734 1316 1797 Nuper
1340 1750 1461 1797 ergo
1488 1750 1607 1782 cum
1633 1734 1702 1782 sic
1727 1734 1884 1783 etiam

285 1802 575 1849 sederemus
611 1801 662 1848 in
699 1818 801 1848 una
836 1807 953 1865 post
988 1801 1156 1857 zecha,
1194 1817 1291 1865 ego
1327 1806 1379 1847 et
1422 1801 1660 1849 dominus
1698 1802 1884 1850 Petrus

285 1868 564 1915 monachus
584 1868 773 1915 ordinis
797 1868 1208 1932 praedicatorum
1228 1867 1316 1931 qui
1336 1868 1478 1916 vobis
1498 1869 1724 1916 multum
1743 1870 1885 1917 favet

283 1942 492 1999 propter
523 1935 773 1983 Iacobum
802 1935 1154 1983 Hochstraten
1180 1935 1553 1984 haereticorum
1578 1937 1884 2000 magistrum

284 2003 335 2049 in
367 2003 612 2050 Colonia:
654 2009 780 2050 tunc
814 2009 923 2050 erat
955 2002 1086 2050 infra
1118 2002 1371 2050 decimam
1398 2009 1448 2050 et
1473 2003 1799 2051 undecimam
1833 2004 1885 2051 in

283 2076 465 2118 nocte:
518 2076 644 2117 tunc
686 2071 852 2117 multa
892 2070 1268 2134 disputavimus
1311 2070 1373 2117 de
1420 2071 1618 2118 ratione
1666 2071 1885 2119 nominis

285 2137 454 2185 vestri.
549 2137 622 2184 Et
673 2154 766 2201 ego
812 2138 959 2185 tenui
1010 2137 1162 2185 istam
1214 2137 1508 2201 opinionem
1557 2139 1619 2185 de
1669 2138 1884 2186 Grachis

286 2204 536 2252 Romanis
579 2221 668 2251 vos
709 2221 817 2252 esse
857 2204 1196 2252 nominatum.
1272 2204 1373 2252 Sed
1415 2206 1656 2252 dominus
1698 2206 1884 2254 Petrus

285 2271 373 2334 qui
392 2272 549 2318 etiam
568 2278 646 2318 est
669 2272 956 2335 aliqualiter
980 2272 1031 2319 in
1057 2278 1165 2319 arte
1190 2271 1523 2320 humanitatis
1542 2273 1671 2320 bene
1691 2279 1883 2328 tentus,

286 2338 417 2385 dixit
441 2355 546 2386 non
575 2339 860 2394 convenire,
887 2339 973 2386 sed
1006 2340 1147 2402 quod
1179 2356 1208 2386 a
1239 2340 1403 2403 gratia
1435 2340 1688 2404 supernali
1719 2340 1882 2388 nomi·
1920 2358 1937 2386 2

286 2405 533 2453 naremini
571 2406 794 2453 Gratius.
869 2407 1017 2454 Tunc
1053 2406 1152 2453 fuit
1188 2406 1257 2454 ibi
1294 2423 1425 2454 unus
1454 2402 1618 2454 trufat
1649 2408 1738 2471 qui
1762 2407 1885 2455 fecit

287 2472 434 2520 valde
471 2473 691 2537 crispum
728 2473 964 2528 latinum,
991 2474 1129 2537 quod
1166 2490 1262 2538 ego
1299 2491 1402 2521 non
1439 2475 1610 2521 omnia
1646 2475 1773 2522 bene
1810 2474 1883 2521 in-

285 2540 490 2588 tellexi:
528 2540 611 2587 ille
637 2540 768 2587 dixit
793 2541 932 2604 quod
964 2557 1130 2604 neque
1167 2558 1194 2587 a
1225 2542 1441 2605 grachys
1474 2558 1642 2604 neque
1668 2559 1696 2588 a
1720 2541 1884 2605 gratia

286 2608 460 2655 essetis
486 2607 653 2655 dictus
680 2608 891 2655 Gratius
912 2626 922 2664 ;
958 2614 1011 2655 61;
1034 2608 1159 2656 fecit
1182 2615 1292 2655 tam
1317 2608 1482 2655 multa
1507 2608 1705 2655 inutilia
1731 2608 1884 2655 verba

286 2675 426 2737 quod
451 2691 547 2738 ego
573 2674 707 2722 dixi:
746 2683 774 2702 ‘⁶
797 2675 953 2722 Unde
978 2691 1098 2739 ergo
1132 2675 1318 2722 dicitur
1352 2675 1562 2722 Gratius
1595 2682 1770 2722 tamen
1801 2675 1884 2722 alii

289 2741 380 2787 viri
406 2742 552 2788 valde
584 2742 824 2805 profundi
861 2742 1150 2789 habuerunt
1186 2742 1403 2806 desuper
1437 2742 1595 2789 latam
1629 2743 1883 2790 examina-

287 2807 483 2855 tionem
517 2815 568 2856 et
605 2809 966 2857 concluserunt
991 2809 1150 2864 Quod
1186 2810 1267 2857 vel
1302 2809 1517 2872 grachys
1544 2809 1623 2856 vel
1658 2827 1687 2856 a
1721 2809 1885 2872 gratia

289 2880 366 2921 est
414 2874 580 2921 dictus
625 2875 881 2924 Gratius.'’
952 2877 1099 2923 Tunc
1141 2875 1247 2940 ipse
1289 2876 1420 2923 dixit
1462 2875 1606 2923 “Isti
1653 2877 1740 2939 qui
1788 2876 1884 2923 hoc

288 2941 695 3004 disputaverunt,
744 2943 954 2990 fuerunt
1006 2943 1155 2991 amici
1198 2944 1272 2990 M.
1325 2942 1531 2989 Ortvini
1580 2943 1761 2999 Grani,
1811 2943 1885 2991 Et

339 3071 348 3088 ¹
380 3074 500 3104 (iram.
549 3072 619 3112 Sic,
639 3071 676 3103 in
697 3068 775 3115 [D]
1170 3070 1183 3088 ⁴
1206 3074 1313 3114 picem
1329 3083 1341 3104 .·
1359 3071 1445 3104 here
1464 3071 1485 3087 “
1501 3071 1597 3104 resin
1610 3071 1626 3088 '²
1644 3082 1652 3112 ;
1671 3071 1754 3105 Ger.
1772 3074 1883 3105 Harz.

339 3116 351 3134 ³
377 3118 456 3151 biv:
482 3118 519 3150 in
545 3117 610 3151 the
636 3117 781 3151 district
806 3117 848 3151 of
868 3118 932 3152 the
972 3120 1052 3152 Vor-
1172 3117 1199 3135 ¹⁴
1224 3120 1282 3161 qui
1309 3130 1374 3150 non
1404 3120 1526 3152 mult..·
1558 3118 1677 3152 “who
1698 3118 1770 3152 live
1791 3119 1885 3153 from

289 3166 397 3199 harz:
1124 3165 1222 3198 hand
1240 3169 1278 3198 to
1296 3164 1460 3198 mouth.”

1050 3225 1144 3266 259

1919 1349 1956 1378 10

1921 1692 1958 1721 15

1921 2025 1959 2054 20

1919 2693 1957 2721 3⁴)
