2247 3637
231 247 282 286 11.
313 249 376 296 13]
599 235 960 292 THOMAS
1010 236 1444 293 KLORBIUS

230 344 432 392 Deinde
464 343 650 393 ivimus
679 345 742 392 ad
769 345 1102 399 Florentiam,
1128 351 1160 408 ὅ]
1191 351 1269 394 est
1297 346 1369 393 ita
1392 344 1603 410 pulchra
1628 343 1821 393 Civitas

227 411 360 459 sicut
399 418 477 460 est
513 411 564 459 in
602 412 810 460 mundo.
885 411 960 460 Et
994 418 1172 476 postea
1215 412 1417 467 Senam,
1461 412 1549 459 ubi
1592 417 1670 459 est
1708 410 1819 459 uni·
1856 428 1913 459 175

228 478 451 534 versitas,
486 478 572 526 sed
604 485 723 526 sunt
752 479 899 543 pauci
932 478 1194 543 Theologi.
1269 479 1458 526 Postea
1489 484 1609 526 sunt
1637 494 1822 542 parvae

225 545 493 600 Civitates,
531 552 583 593 et
619 561 721 593 una
763 552 975 594 vocatur
1011 545 1417 594 Monteflascon:
1470 545 1552 592 Ibi
1600 544 1822 593 bibimus

224 612 482 676 optimum
508 612 702 667 vinum,
729 612 877 677 quale
906 630 1009 661 non
1046 612 1148 660 bibi
1186 613 1237 660 in
1273 612 1379 661 vita
1411 628 1554 660 mea:
1592 618 1645 660 et
1669 612 1821 660 inter-

225 678 397 742 rogavi
434 679 688 743 hospitem
732 680 991 743 quomodo
1029 686 1240 728 vocatur
1274 680 1400 728 illud
1438 679 1650 727 vinum?
1720 678 1823 727 Re-

226 746 433 809 spondit
470 746 608 809 quod
642 752 719 794 est
749 746 1009 811 lachryma
1040 746 1243 795 Christi.
1317 747 1464 794 Tunc
1495 745 1626 794 dixit
1658 746 1823 793 socius

227 829 398 860 meus:
444 813 689 860 “utinam
727 813 962 862 Christus
1000 814 1154 862 vellet
1197 814 1352 861 etiam
1395 813 1514 862 flere
1562 813 1613 860 in
1660 811 1824 877 patria

227 880 446 927 nostra.”
519 880 593 927 Et
628 879 697 927 sic
736 880 955 929 bibimus
993 882 1179 929 bonam
1211 880 1530 945 positionem.
1605 878 1680 928 Et
1708 886 1826 944 post

225 946 353 993 duos
400 946 506 994 dies
554 947 856 995 intravimus
911 949 1150 996 Romam.
1246 947 1516 996 Laudetur
1563 947 1688 995 deus
1735 946 1824 1010 qui

225 1013 459 1061 liberavit
494 1030 586 1062 nos
634 1014 698 1063 de
745 1015 920 1063 multis
965 1015 1382 1064 tribulationibus
1427 1030 1558 1079 quae
1605 1020 1726 1062 sunt
1773 1014 1824 1061 in

226 1087 338 1128 tota
367 1080 462 1137 via,
488 1097 688 1129 necnon
722 1081 773 1129 in
799 1082 932 1129 mala
958 1082 1229 1147 Scarparia.
1306 1081 1407 1131 Sed
1432 1098 1568 1130 nunc
1594 1080 1646 1128 in
1672 1080 1826 1129 Curia

228 1164 330 1196 non
378 1148 607 1197 intellexi
656 1149 824 1213 aliqua
870 1165 1018 1205 nova,
1060 1150 1154 1197 nisi
1201 1150 1341 1214 quod
1389 1148 1493 1197 vidi
1540 1148 1621 1197 hic
1660 1164 1824 1196 unum

227 1214 441 1262 Animal
476 1216 603 1263 bene
635 1216 707 1263 ita
739 1232 984 1280 inagnum
1017 1217 1147 1265 sicut
1180 1222 1401 1280 quatuor
1433 1216 1566 1280 equi,
1593 1222 1646 1264 et
1669 1214 1824 1263 habet

225 1289 449 1330 rostrum
484 1282 556 1331 ita
579 1283 796 1348 longum
821 1283 954 1332 sicut
978 1300 1090 1348 ego,
1116 1292 1168 1333 et
1194 1290 1271 1331 est
1296 1282 1537 1331 mirabilis
1564 1288 1822 1330 cteatura:

226 1349 416 1405 Qua-ido
464 1350 583 1406 vidi,
626 1357 751 1398 tunc
793 1350 928 1399 dixi:
983 1350 1276 1398 “Mirabilis
1317 1351 1442 1398 deus
1490 1350 1540 1397 in
1589 1349 1824 1414 operibus

226 1416 372 1465 suis.''
442 1416 560 1482 Ego
601 1418 786 1466 vellem
827 1418 947 1466 dare
987 1435 1151 1466 unum
1187 1417 1438 1466 florenum
1478 1417 1618 1480 quod
1655 1416 1825 1465 videre

224 1483 479 1532 deberetis
526 1484 665 1533 illam
714 1485 943 1533 bestiam.
1018 1485 1120 1533 Sed
1168 1485 1317 1533 credo
1358 1501 1448 1549 per
1488 1484 1644 1531 deum
1685 1484 1824 1547 quod

226 1552 346 1599 satis
373 1552 503 1600 bene
528 1552 764 1617 expedivi
788 1569 872 1600 me
896 1551 1175 1600 scribendo.
1238 1552 1345 1599 Vos
1365 1550 1595 1599 similiter
1612 1550 1823 1608 faciatis,

229 1618 373 1667 Alias
431 1635 699 1683 nunquam
757 1619 899 1667 vobis
958 1618 1191 1666 scribam.
1281 1619 1355 1666 Et
1409 1617 1576 1666 valete
1622 1617 1823 1666 saniter.

231 1687 429 1733 Datum
465 1687 650 1751 raptim
687 1687 956 1735 Romanae
992 1686 1189 1735 Curiae.

949 1952 1098 2000 XIII

291 2089 355 2136 ΙΙ
400 2087 744 2135 THOMAS
779 2087 1196 2135 KLORBIUS
1224 2085 1416 2135 lmme'le's
1461 2085 1760 2151 Theologz'ae

610 2154 783 2202 doctor
818 2154 896 2202 M.
942 2154 1158 2203 Ortvino
1195 2153 1418 2203 Salutem

337 2288 476 2336 UIA
534 2287 786 2352 scriptum
845 2293 924 2335 est
976 2287 1231 2336 “vexatio
1285 2287 1374 2335 dat
1428 2286 1753 2335 intellectum
1770 2287 1823 2335 ”z

366 2355 509 2420 Ergo
528 2371 633 2403 non
658 2354 856 2403 debetis
882 2354 1008 2403 mihi
1026 2354 1214 2404 habere
1233 2371 1325 2420 pro
1344 2355 1482 2402 malo
1501 2354 1640 2419 quod
1665 2353 1825 2401 modi-

222 2441 346 2472 cum
379 2429 533 2471 teneo
559 2422 702 2471 vobis
739 2422 1053 2487 oppositum,
1082 2439 1201 2471 cum
1226 2422 1344 2487 Ego
1378 2422 1511 2470 facio
1548 2422 1598 2470 in
1636 2420 1823 2468 bonam

219 2498 439 2555 partem.
531 2491 639 2538 Vos
681 2506 844 2554 nuper
886 2489 1153 2555 scripsistis
1199 2489 1250 2537 in
1292 2506 1398 2538 uno
1439 2488 1714 2537 dictamine
1762 2488 1825 2535 de

221 2575 328 2606 uno
367 2557 621 2622 Magistro
669 2563 861 2613 nostro,
904 2557 1043 2621 quod
1091 2563 1169 2606 est
1208 2557 1356 2605 valde
1394 2556 1594 2611 doctus,
1635 2561 1688 2603 et
1746 2561 1823 2602 est

268 2687 308 2705 ¹⁷⁷
326 2689 537 2730 ΑἱΙυιιίιζῙιΙαιςσ.
575 2687 879 2729 Montefiascone,
891 2686 989 2721 how·
1109 2685 1150 2704 ¹³⁸
1176 2691 1258 2720 elea.
1272 2698 1284 2720 .·
1302 2685 1359 2719 for
1376 2688 1551 2719 creatura.

220 2746 319 2777 ever,
339 2735 518 2780 produces
536 2735 684 2769 Muscat
700 2735 808 2777 wine,
826 2734 898 2768 and
923 2739 989 2768 not
1108 2733 1119 2751 ¹
1138 2735 1314 2767 Klorlrins.
1365 2730 1537 2766 Allusion
1555 2729 1754 2765 unknown.

222 2781 303 2816 Lac.
335 2782 486 2824 Christ„
512 2781 630 2816 which
662 2783 691 2815 is
720 2793 742 2815 a
766 2781 923 2827 product
951 2781 994 2815 of
1108 2780 1119 2799 ¹
1141 2782 1169 2813 T
1168 2782 1249 2814 heol.
1283 2782 1369 2813 doct.
1436 2778 1495 2811 An
1533 2777 1692 2811 unusual
1724 2777 1822 2821 title,

219 2829 284 2863 the
303 2828 421 2873 slopes
439 2829 481 2862 of
494 2828 686 2863 Vesuvius.
1060 2826 1149 2872 only
1168 2831 1244 2861 met
1264 2826 1350 2860 with
1372 2824 1460 2859 here
1477 2824 1548 2857 and
1568 2824 1606 2857 in
1626 2824 1691 2869 Ep.
1710 2824 1746 2859 ii.
1769 2826 1822 2859 18.

271 2873 314 2895 1⁸²
336 2877 436 2918 posit.
449 2887 461 2909 .·
495 2874 552 2909 for
588 2878 666 2910 (θεν.
700 2876 807 2917 Satz3
841 2879 908 2909 not
940 2886 987 2909 an
1107 2873 1121 2891 ³
1138 2876 1281 2908 wratis).
1343 2872 1423 2906 The
1456 2870 1616 2915 Vulgata
1649 2871 1714 2905 has
1749 2872 1775 2889 “
1787 2877 1825 2906 et

225 2933 328 2957 error
346 2922 403 2956 for
416 2924 600 2964 potionem.
1061 2920 1316 2955 tantummodo
1333 2918 1410 2953 sola
1428 2919 1572 2952 vexatio
1590 2917 1822 2953 intellectum

271 2968 311 2988 ¹⁸⁷
330 2970 498 3002 Animal.-
522 2969 559 3004 ii.
586 2969 643 3011 48,
673 2981 707 3003 η.
770 2969 842 3003 For
869 2981 891 3002 a
919 2967 989 3002 full
1059 2968 1162 3002 dabit
1173 2965 1355 3008 auditui,”
1371 2964 1551 2999 rendered
1565 2966 1603 2999 in
1614 2964 1679 2999 the
1694 2965 1824 3012 Douay

222 3019 383 3050 account
400 3015 442 3049 of
462 3015 538 3049 this
563 3015 705 3049 famous
722 3015 911 3061 elephant,
929 3027 989 3049 see
1060 3015 1220 3056 version,
1240 3014 1266 3030 “
1279 3012 1450 3047 vexation
1467 3010 1575 3046 alone
1595 3011 1691 3046 shall
1716 3013 1824 3047 make

230 3063 264 3097 L.
285 3063 430 3104 Pastor,
449 3064 540 3096 Hist.
567 3063 613 3104 of
626 3064 684 3096 the
700 3064 821 3105 Popes,
839 3061 909 3098 vol.
928 3063 987 3096 vii.
1060 3073 1131 3106 you
1150 3059 1377 3095 understand
1395 3058 1494 3093 what
1509 3070 1581 3104 you
1600 3058 1723 3094 hear.”
1773 3060 1818 3095 Is.

227 3122 257 3155 p.
280 3110 324 3144 75
343 3109 477 3153 (1908).
1061 3107 1184 3142 xxviii.
1207 3108 1259 3141 19.
1312 3106 1365 3141 ef.
1387 3106 1428 3140 A.
1449 3105 1491 3139 V.

992 3170 1086 3211 163

1858 761 1915 791 180

1860 1100 1917 1129 185

1859 1434 1916 1464 190
