2247 3637
341 468 380 498 25

345 804 384 834 30

346 1142 385 1172 35

346 1480 385 1509 40

343 1813 384 1843 45

374 2465 392 2494 U!

358 2795 397 2825 10

415 274 885 331 EPISTOLAE
945 274 1536 331 OssSCURORUM
1592 274 2002 331 VIRORUM

414 383 576 430 alibus
596 389 647 431 et
667 383 932 430 mandavit
958 382 1217 429 silentium
1237 399 1300 430 ex
1319 389 1536 446 utraque
1553 388 1712 446 parte.
1787 381 1885 429 Illo
1902 399 2004 430 non

413 449 653 498 obstante
688 449 939 513 Theologi
976 449 1304 498 Colonienses
1345 449 1735 497 combusserunt
1775 448 2006 496 librum.”

416 517 563 564 Tunc
595 516 701 564 dixi
735 517 874 581 quod
902 516 1132 564 fecerunt
1161 516 1283 565 haec
1312 523 1518 581 propter
1547 516 1928 570 Parrhisienses,
1954 522 2007 564 et

416 583 536 631 alias
569 590 788 648 quatuor
819 583 1176 631 universitates
1211 600 1342 648 quae
1374 589 1494 631 sunt
1526 588 1703 630 contra
1736 582 2004 631 Reuchlin.

418 651 708 715 Respondit
754 652 829 698 M.
881 649 1162 698 Ecbertus:
1216 651 1417 698 “etiam
1465 650 1505 697 si
1553 650 1609 697 X
1655 650 2008 698 universitates

418 724 586 766 essent
629 724 806 765 contra
841 717 986 764 illum
1030 718 1330 774 Doctorem‚
1366 724 1542 765 tamen
1577 716 1867 764 debuerunt
1902 734 2009 765 esse

419 785 713 833 obedientes
751 801 953 832 summo
991 784 1231 832 Pontifici
1264 791 1511 848 tanquam
1546 783 1700 848 capiti
1733 783 2006 832 Ecclesiae.

421 853 685 916 Respondi
710 851 848 916 quod
873 851 1213 914 praesumitur
1237 852 1375 915 quod
1405 858 1485 899 tot
1518 851 1874 899 universitates
1907 868 2011 899 non

420 926 602 967 errant.
677 918 968 981 Respondit
994 917 1100 981 ipse
1126 919 1309 983 “quod
1341 919 1689 983 praesumptio
1721 935 1825 966 non
1858 919 2009 966 valet.

421 986 494 1034 Et
531 1002 651 1050 ergo
691 985 905 1033 credatis
952 985 1077 1033 mihi
1124 986 1261 1050 quod
1302 985 1439 1034 istud
1486 986 1757 1049 negocium
1805 985 2012 1034 habebit

420 1053 615 1101 malum
657 1053 856 1100 finem.”
926 1053 1076 1100 Tunc
1112 1069 1215 1100 non
1256 1052 1395 1101 volui
1435 1052 1653 1117 amplius
1694 1053 2011 1117 respondere,

420 1121 507 1168 sed
543 1120 676 1168 dixi:
715 1120 827 1168 “sit
864 1136 892 1166 a
928 1120 1009 1167 vel
1045 1120 1092 1175 b,
1118 1136 1213 1184 ego
1249 1136 1352 1167 non
1389 1121 1554 1168 cur0.”
1624 1119 1781 1184 Ergo,
1806 1120 2013 1168 domine

421 1186 653 1243 Ortvine,
692 1187 900 1234 notifico
938 1187 1080 1234 vobis
1117 1186 1239 1234 talia
1279 1187 1417 1250 quod
1461 1187 1625 1235 velitis
1667 1204 1774 1235 esse
1816 1194 2012 1242 cautus,

420 1254 539 1318 quia
574 1255 735 1302 timeo
772 1255 908 1318 quod
948 1254 1218 1302 Sententia
1253 1254 1349 1302 erit
1385 1261 1562 1302 contra
1598 1271 1702 1310 vos,
1728 1255 1849 1319 quia
1882 1271 2014 1319 papa

420 1328 498 1369 est
543 1320 729 1369 iratus:
784 1328 837 1369 et
885 1321 924 1369 si
971 1321 1127 1369 etiam
1174 1322 1375 1370 Romae
1421 1321 1630 1386 perditis
1677 1322 1838 1378 litem,
1886 1328 2012 1369 tunc

419 1387 650 1437 diabolus
681 1388 880 1436 tenebit
910 1389 1187 1436 candelam.
1260 1389 1655 1437 Rostochienses
1688 1395 1810 1437 sunt
1842 1389 2015 1453 magni

420 1454 612 1503 inimici
638 1455 1074 1512 Parrhisiensiulri,
1101 1456 1220 1520 quia
1245 1455 1609 1504 Parrhisienses
1635 1456 1825 1504 habent
1850 1472 2014 1505 unum

421 1522 679 1571 statutum
726 1523 866 1586 quod
920 1540 1023 1570 non
1082 1523 1338 1586 accipiunt
1396 1524 1459 1570 ad
1510 1523 1810 1572 facultatem
1870 1540 2014 1571 suam

421 1591 699 1655 Magistros
738 1590 1148 1644 Rostochienses,
1191 1590 1266 1637 Et
1306 1590 1375 1637 sic
1420 1591 1816 1639 Rostochienses
1858 1591 2015 1639 etiam

420 1673 525 1705 non
560 1657 819 1721 accipiunt
844 1657 1226 1705 Parrhisienses.
1301 1657 1401 1704 Sed
1434 1674 1522 1704 vos
1547 1658 1678 1706 forte
1715 1658 1852 1706 scitis
1889 1658 2014 1723 quid

420 1725 617 1773 debetis
637 1725 814 1773 facere.
877 1724 1198 1772 Commendo
1218 1741 1300 1772 me
1320 1724 1476 1773 vobiS.

530 1810 681 1846 Datum
713 1809 904 1847 Roswocx.

1136 1973 1301 2019 XXV

490 2109 552 2156 (I
590 2107 1018 2155 MAGISTER
1053 2106 1436 2153 ADOLFUS
1466 2104 1942 2153 KLINGESOR

864 2174 1124 2237 [Magistro
1153 2173 1369 2221 Ortvino
1399 2173 1586 2220 Gratio

516 2307 796 2356 ALUTIS
836 2314 1044 2356 tantum
1082 2308 1146 2355 sit
1189 2307 1443 2372 Magistro
1491 2306 1729 2360 Ortvino‚
1765 2311 2020 2368 quantum

549 2391 653 2423 non
686 2381 856 2439 potest
890 2375 941 2422 in
974 2375 1067 2422 hac
1100 2375 1174 2422 lfa
1206 2381 1354 2431 stare,
1381 2379 1433 2421 et
1464 2373 1680 2421 nuncius
1714 2388 1816 2420 non
1850 2377 2024 2436 potest

428 2449 643 2507 portare,
670 2449 721 2491 et
751 2459 903 2491 nemo
933 2447 1104 2506 potest
1129 2441 1308 2497 dicere,
1334 2447 1387 2488 et
1412 2457 1562 2488 nemo
1592 2446 1762 2505 potest
1791 2440 2020 2487 scribere,

429 2510 503 2557 Et
539 2527 657 2557 cum
694 2510 789 2558 hoc
826 2509 981 2557 etiam
1023 2509 1208 2556 vellem
1243 2508 1381 2572 quod
1420 2508 1593 2556 essetis
1630 2507 1794 2554 laetus
1831 2513 1884 2553 et
1919 2522 2023 2553 non

430 2577 718 2625 cruciaretis
745 2593 833 2624 vos
859 2576 927 2624 sic
951 2576 1003 2623 in
1029 2592 1179 2623 causa
1202 2575 1333 2622 fidei.
1401 2575 1518 2639 Ego
1543 2590 1809 2636 nunquam
1835 2573 2025 2621 suadeo

431 2644 573 2692 vobis
598 2644 737 2708 quod
763 2643 957 2691 debetis
983 2659 1089 2690 esse
1114 2642 1186 2689 ita
1218 2642 1391 2697 tristis,
1418 2642 1506 2689 sed
1540 2639 1849 2704 permittatis
1882 2639 2024 2687 vobis

430 2711 672 2775 requiem.
749 2710 853 2775 Ipsi
878 2711 1035 2758 etiam
1067 2709 1232 2756 multa
1263 2710 1443 2756 dicunt
1475 2708 1599 2755 mihi
1637 2707 1732 2762 hic,
1759 2707 1878 2771 quia
1911 2723 2024 2754 sum

434 2778 765 2826 Coloniensis.
840 2777 941 2825 Sed
974 2794 1071 2840 ego
1103 2776 1240 2823 rideo
1277 2775 1423 2840 quasi
1455 2791 1559 2822 non
1596 2790 1787 2821 curans.
1862 2773 2025 2837 Aliqfi

431 2844 587 2893 etiam
619 2845 899 2910 respondeo
930 2845 1047 2908 ipsis
1072 2860 1262 2891 vexans
1294 2859 1378 2890 eos
1409 2842 1610 2889 iterum.
1687 2841 1833 2889 Sicut
1864 2857 2027 2904 nuper

432 2912 637 2975 quando
670 2930 802 2960 unus
830 2911 938 2976 (qui
972 2911 1127 2959 etiam
1160 2910 1305 2958 stetit
1332 2908 1574 2956 Coloniae
1602 2914 1722 2955 ante
1755 2909 1811 2955 X
1845 2909 2023 2967 annos)

480 3008 505 3027 ²⁷
525 3014 616 3053 quat.
656 3012 751 3043 univ.
768 3021 781 3043 .·
819 3011 870 3043 Le.
902 3008 1079 3051 Louvain,
1111 3006 1193 3040 Col·
1266 3008 1540 3039 Lanwntatimzes
1574 3007 1824 3058 olm-urorum·
1845 3006 2024 3047 Virorum,

431 3056 852 3137 ⁰g3¹232122f⁰r2³132dni⁴
854 3057 982 3136 fflssffi'm
1025 3099 1194 3135 afflue
1262 3053 1384 3133 ιῖῗῇῗῖς
1405 3052 1652 3142 &Snk'ssme
1670 3063 1799 3086 (ΝΜ
1817 3063 1855 3084 ¹¹¹
1875 3050 2025 3085 Pfeffe*

431 3161 583 3195 appears
615 3131 671 3183 -on
713 3149 776 3184 the
817 3114 1011 3194 title-pagii
1052 3148 1094 3182 of
1130 3148 1194 3182 the
1310 3126 1561 3190 ¹Klinye202·.'
1594 3146 1648 3180 (tf.
1662 3146 1699 3180 ii.
1719 3148 1775 3181 50.

1194 3207 1287 3248 184
