2247 3637
364 579 402 609 20

363 913 402 942 25

361 1252 400 1281 30

361 1585 401 1615 35

364 1919 402 1949 40

365 2253 405 2284 45

437 251 909 307 EPISTOLAE
972 250 1564 307 OBSCURORUM
1620 248 2030 306 VIRORUM

434 359 573 423 quod
619 359 806 423 petitis.
903 359 987 406 Ex
1034 376 1138 422 quo
1184 359 1309 407 dicit
1356 359 1632 423 scriptura:
1681 359 1835 415 “Qui
1883 358 2029 423 petit,

434 425 661 491 accipit.”
754 425 975 474 Debetis
1016 426 1182 490 primo
1222 426 1506 490 relinquere
1546 425 1655 474 illas
1694 442 1847 474 vanas
1895 426 2029 490 cogi-

433 493 652 541 tationes
685 493 749 541 de
781 500 949 542 vestra
979 493 1288 557 Margareta‚
1319 510 1445 557 quas
1474 492 1704 540 diabolus
1737 493 1879 541 vobis
1912 509 2029 557 sug-

433 560 581 624 gerit,
607 559 696 623 qui
729 566 807 608 est
838 566 983 624 pater
1007 560 1173 607 omnis
1196 560 1408 624 peccati,
1434 566 1566 608 teste
1596 559 1854 607 Richardo
1880 577 2031 624 super

434 627 589 674 .IIII.
663 628 736 674 Et
761 627 1173 691 quandocunque
1198 627 1262 676 de
1286 644 1344 675 ea
1369 626 1622 691 cogitatis,
1647 627 1800 675 facite
1826 643 2029 674 crucem

433 700 553 741 ante
590 710 695 750 vos,
732 710 826 742 nec
861 710 966 741 non
1003 700 1144 742 orate
1179 711 1342 742 unum
1381 695 1535 742 Pater
1571 700 1744 742 noster
1785 711 1902 742 cum
1943 694 2030 742 illo

434 777 584 809 versu
602 761 654 808 in
672 761 931 826 psalterio:
959 768 986 787 ‘⁶
1007 761 1121 808 Stet
1141 761 1372 809 diabolus
1392 779 1421 809 a
1439 762 1630 809 dextris
1650 761 1800 809 eius.”
1852 761 2029 808 Etiam

434 844 633 903 semper
674 828 927 875 comedite
969 827 1041 875 sal
1083 828 1409 877 benedictum
1452 828 1504 875 in
1545 828 1626 876 die
1661 827 1933 883 dominico,
1978 834 2030 876 et

434 895 655 960 spargite
689 911 778 942 vos
803 911 922 942 cum
955 912 1087 959 aqua
1111 902 1286 943 sancta
1309 896 1449 960 quod
1474 895 1786 943 consecravit
1818 896 2031 943 station-

434 962 567 1009 arius
614 961 776 1010 sancti
824 962 1080 1026 Rupe1ti:
1135 969 1186 1010 et
1234 961 1304 1011 sic
1350 963 1565 1027 potestis
1612 962 1837 1026 effugere
1884 962 2030 1010 illum

434 1028 695 1076 diabolum
719 1029 808 1092 qui
841 1029 984 1077 vobis
1010 1029 1238 1094 suggerit
1265 1029 1414 1078 illum
1438 1046 1687 1093 magnum
1711 1046 1938 1078 amorem
1967 1029 2031 1076 de

434 1102 600 1143 vestra
626 1096 972 1160 Margaretha‚
998 1113 1129 1160 quae
1154 1114 1257 1144 non
1281 1103 1359 1145 est
1382 1098 1455 1145 ita
1478 1097 1690 1161 pulchra
1714 1103 1772 1144 ut
1803 1096 1997 1160 putatis
2019 1113 2029 1144 ε

434 1163 541 1226 ipsa
565 1163 720 1211 habet
738 1180 896 1210 unam
915 1180 1180 1212 verrucam
1205 1163 1257 1211 in
1280 1164 1466 1220 fronte,
1484 1181 1541 1211 ac
1567 1180 1754 1227 magna
1772 1164 2031 1227 rubeaque

434 1246 592 1286 crura,
634 1247 832 1295 grossas
868 1230 1139 1295 nigrasque
1175 1247 1373 1287 manus,
1415 1231 1611 1295 sibique
1647 1231 1751 1278 olet
1787 1247 1842 1279 os
1878 1246 2031 1279 suum

433 1303 639 1361 propter
680 1297 841 1345 malos
882 1298 1093 1353 dentes;
1141 1315 1235 1346 nec
1275 1315 1379 1346 non
1420 1298 1577 1347 etiam
1618 1298 1771 1346 habet
1813 1299 2032 1363 spissum

434 1364 609 1412 culum
646 1365 931 1413 secundum
967 1381 1243 1414 commune
1278 1365 1638 1430 proverbium:
1694 1373 1722 1392 ‘⁶
1745 1365 1848 1413 Ars
1894 1366 2030 1412 Mar-

431 1432 671 1495 garethae
713 1438 789 1480 est
829 1432 1057 1480 mirabile
1095 1433 1247 1481 rete.”
1318 1433 1420 1481 Sed
1458 1449 1547 1481 vos
1590 1433 1710 1481 estis
1750 1449 1928 1480 caecus
1968 1449 2032 1479 ex

433 1498 519 1545 illo
556 1498 806 1546 diabolico
831 1516 1002 1547 amore
1037 1500 1177 1563 quod
1212 1516 1316 1547 non
1341 1500 1523 1548 videtis
1559 1500 1666 1548 eius
1702 1500 1838 1547 vitia.
1915 1500 2033 1564 Ipsa

434 1565 660 1613 multum
680 1566 809 1613 bibit
827 1572 882 1614 et
901 1567 1140 1623 comedit,
1157 1584 1213 1614 ac
1230 1567 1305 1615 bis
1324 1584 1486 1631 nuper
1504 1567 1813 1615 bombisavit
1826 1567 2033 1630 quando

434 1633 564 1680 sedit
584 1633 720 1698 apud
745 1649 828 1680 me
848 1634 900 1681 in
925 1650 1115 1690 mensa,
1136 1640 1188 1682 et
1215 1634 1345 1682 dixit
1365 1635 1504 1698 quod
1522 1635 1645 1682 fecit
1670 1651 1789 1682 cum
1809 1650 2031 1681 scamno.

434 1699 552 1764 Ego
581 1700 735 1748 habui
770 1701 821 1748 in
861 1700 1073 1749 Colonia
1108 1701 1449 1766 pulchriorem
1484 1707 1652 1749 vestra
1688 1700 2033 1766 Margaretha‚

434 1774 487 1814 et
510 1773 686 1816 tamen
709 1768 954 1831 dereliqui
979 1785 1103 1816 eam.
1165 1769 1451 1843 Postquam
1469 1770 1665 1833 accepit
1685 1769 1867 1824 virum,
1886 1785 2035 1832 saepe

435 1834 637 1882 vocavit
675 1852 757 1882 me
794 1852 882 1899 per
924 1852 1079 1882 unam
1117 1835 1383 1900 antiquam
1420 1836 1665 1891 vetulam,
1709 1836 1916 1900 quando
1959 1836 2035 1883 vir

436 1900 543 1948 eius
567 1902 666 1949 fuit
689 1902 900 1949 absens:
939 1903 1027 1950 sed
1059 1920 1162 1950 non
1196 1903 1312 1951 veni
1336 1910 1536 1968 praeter
1567 1903 1753 1951 semel:
1792 1904 1878 1950 sed
1908 1909 2033 1949 tunc

434 1967 509 2014 fui
534 1968 714 2016 ebrius.
787 1969 905 2033 Ego
930 1970 1107 2018 hoitor
1130 1970 1268 2035 quod
1294 1969 1368 2018 bis
1392 1970 1627 2018 ieiunatis
1652 1970 1703 2017 in
1727 1969 1956 2019 sabbato.
1983 1975 2035 2017 et

436 2041 613 2099 postea
630 2035 825 2084 faciatis
845 2043 1071 2085 vestram
1091 2037 1458 2086 confessionem
1484 2037 1571 2085 uni
1590 2037 1836 2101 magistro
1860 2043 2036 2084 nostro

437 2101 625 2149 ordinis
662 2104 1087 2166 praedicatoiQum
1124 2105 1213 2168 qui
1249 2110 1419 2169 posset
1455 2122 1545 2153 vos
1584 2105 1713 2152 bene
1750 2103 2031 2152 instituere.

438 2168 512 2216 Et
544 2170 750 2232 quando
781 2170 971 2218 fecistis
1002 2172 1388 2227 confessionem,
1413 2177 1540 2219 tunc
1572 2171 1768 2219 debetis
1801 2188 1942 2219 orare
1972 2171 2035 2218 de

438 2242 616 2284 sancto
656 2236 974 2286 Christoforo
1012 2239 1151 2302 quod
1186 2239 1311 2287 velit
1343 2255 1433 2287 vos
1475 2245 1677 2304 portare
1716 2238 1768 2286 in
1810 2238 2034 2286 humeris

438 2303 557 2359 suis,
593 2319 657 2350 ne
704 2303 891 2351 iterum
939 2305 1225 2354 recidivetis
1272 2323 1330 2354 ac
1377 2306 1620 2370 mergatis
1667 2322 1756 2353 vos
1797 2305 1849 2353 in
1897 2322 2035 2353 mare

438 2370 669 2434 amplum
694 2377 747 2418 et
772 2372 1072 2435 spaciosum,
1099 2372 1151 2420 in
1176 2389 1279 2436 quo
1309 2380 1429 2421 sunt
1453 2373 1652 2448 reptilia
1676 2389 1897 2437 quorum
1931 2389 2034 2420 non

438 2443 516 2485 est
540 2454 798 2494 numerus,
825 2438 874 2486 id
901 2445 978 2486 est
1007 2455 1144 2502 pecc
1131 2446 1215 2487 ita
1239 2440 1453 2496 infinita,
1479 2440 1612 2487 sicut
1636 2440 1847 2504 exponit
1880 2440 2034 2487 Com-

438 2503 706 2561 bibilat013
749 2521 806 2552 ac
845 2512 1024 2569 postea
1061 2523 1117 2553 or
1120 2513 1202 2554 ate
1243 2523 1307 2554 ne
1350 2507 1539 2555 cadetis
1581 2507 1632 2554 in
1672 2506 2031 2554 tentationem.

486 2656 513 2676 ²⁰
540 2660 737 2693 [richardo.-
787 2658 830 2692 R.
879 2658 925 2693 de
967 2658 1204 2700 Mediavilla;
1317 2657 1346 2677 ³²
1370 2662 1467 2694 Ars:
1500 2659 1612 2693 “Ars
1642 2659 1902 2705 Margarethae
1932 2661 2036 2704 (Cor-

440 2705 601 2740 Richard
627 2705 850 2748 Middleton,
875 2717 922 2739 an
949 2705 1204 2750 Englishma11‚

439 2754 488 2785 ob.
522 2753 622 2790 1307.
685 2752 744 2787 He
773 2753 803 2786 is
832 2752 1014 2798 supposed
1043 2756 1082 2786 to
1112 2752 1204 2787 have

440 2799 532 2834 been
557 2811 578 2833 a
607 2800 756 2834 teacher
784 2799 827 2833 of
850 2800 954 2833 Duns
985 2800 1125 2842 Scotus,
1157 2811 1203 2833 on

440 2846 560 2880 whose
588 2846 691 2880 tomb
724 2847 761 2880 in
790 2846 855 2880 the
889 2846 1038 2880 Church
1071 2847 1114 2880 of
1140 2847 1205 2880 the

442 2892 636 2927 Minorites
653 2893 710 2927 his
727 2905 835 2927 name
853 2895 883 2927 is
900 2893 1092 2928 inscribed.
1144 2893 1204 2927 He

441 2944 552 2973 wrote
563 2952 583 2973 a
596 2940 833 2974 Commentar
835 2952 857 2985 y
869 2952 917 2975 on
928 2941 993 2975 the
1004 2941 1204 2975 sentences

441 2986 484 3019 of
497 2986 605 3020 Peter
616 2987 679 3021 the
699 2987 889 3022 Lombard.
932 2988 1016 3032 (See
1030 2987 1073 3022 D.
1087 2987 1132 3021 N.
1145 2987 1203 3031 B.)

491 3030 518 3049 ²³
544 3035 674 3068 .l’3alt.:
699 3035 794 3068 cviii.
817 3036 850 3068 6.

502 3077 595 3113 ⁴.sal
615 3081 731 3115 bened.
779 3082 847 3115 See
872 3081 1089 3124 I.G1imm‚
1119 3082 1203 3116 Teu

440 3128 533 3160 ionic
549 3128 706 3170 Mythol„
728 3128 831 3169 1883,
851 3139 909 3173 pp.
932 3129 1077 3163 1046-9.

1200 3188 1261 3229 88

1272 2706 1466 2749 tonensis),
1494 2711 1642 2740 sanctae
1677 2711 1733 2740 est
1760 2719 1818 2741 ars
1849 2709 1886 2741 in
1912 2720 2036 2744 amore

1270 2751 1498 2795 lasciviendi,
1525 2757 1562 2787 et
1595 2758 1741 2787 sanctae
1774 2755 2036 2799 Margarethae

1271 2799 1526 2834 Antiochenae
1544 2800 1752 2834 formositas
1778 2801 1936 2836 multum
1957 2802 2035 2836 lau-

1270 2847 1380 2880 datur
1413 2847 1451 2880 in
1486 2847 1657 2891 Legenda
1696 2859 1817 2883 aurea.
1884 2850 1955 2884 Sed
1998 2851 2035 2884 iu

1269 2893 1339 2927 hoc
1363 2893 1556 2956 proverbio
1581 2906 1618 2927 rs
1644 2896 1959 2939 pronuntiandum
1981 2901 2037 2931 est

1269 2940 1382 2975 rsehfl
1431 2940 1624 2985 (Bo'cking
1631 2942 1643 2984 )

1316 2986 1532 3030 “portaroe
1564 2979 1748 3033 referring
1764 2993 1803 3023 to
1819 2989 1883 3023 the
1901 2989 2035 3035 legend

1270 3034 1312 3067 of
1361 3035 1412 3068 St.
1464 3034 1732 3080 Christopher;
1798 3036 1826 3054 “
1845 3036 2034 3071 Christum

1271 3081 1427 3115 ferensff’

1318 3126 1345 3145 ⁴⁸
1373 3129 1516 3162 (ombz'b.
1568 3129 1661 3163 See
1653 3141 1674 3162 1.
1695 3130 1752 3171 31,
1770 3141 1803 3163 ⁷1.
