2247 3637
234 240 288 278 11.
312 243 380 291 50]
573 229 968 286 ADOLFUS
1023 228 1503 286 CLINGESOR

233 339 366 403 logi,’
415 339 501 386 sed
551 339 920 403 ‘philosophi’z
968 338 1088 403 quia
1133 338 1393 402 theologia
1441 338 1828 387 Coloniensiurn

233 406 406 470 potius
441 411 518 453 est
555 406 886 470 philosophia,
911 406 992 453 ide
1017 406 1120 452 Ars
1158 405 1460 470 Sophistica,
1486 422 1642 469 quam
1668 405 1830 453 Theo-

233 473 369 536 logia
403 473 633 526 dicenda,
659 473 779 535 quia
815 472 940 520 nihil
975 472 1112 520 aliud
1137 479 1213 520 est
1245 489 1402 536 quam
1434 472 1704 536 garrulitas
1730 472 1830 519 dia-

235 540 400 588 bolica
435 546 488 587 et
521 538 681 586 inanis
714 540 1010 603 loquacitas.
1083 539 1194 588 ‘Ne
1223 539 1331 602 lupi
1367 540 1602 603 rapaces,’
1639 539 1830 587 scilicet

235 608 452 655 Iacobus
481 607 545 653 de
573 606 942 663 Hochstraten‚
969 606 1233 654 Arnoldus
1261 606 1325 653 de
1361 606 1590 670 Tungari
1615 613 1667 653 et
1693 606 1831 653 simi-

232 674 319 729 leS‚
345 673 433 737 qui
465 673 689 721 falsitate
718 680 771 721 et
798 673 1059 721 fraudibus
1096 673 1196 721 suis
1230 672 1480 721 violenter
1515 679 1568 720 et
1596 673 1832 721 ferociter

233 741 484 788 invadunt
508 740 805 788 innocentes
831 758 964 796 oves,
992 741 1154 805 qualis
1188 747 1307 788 sunt
1332 746 1385 788 et
1408 740 1618 788 fuerunt
1644 741 1831 788 Petrus

236 808 511 855 Ravennas
543 813 595 854 et
633 808 887 855 Iohannes
915 807 1185 864 Reuchlin,
1211 808 1443 855 volentes
1469 823 1553 855 eos
1579 807 1833 855 declarare

233 874 512 922 haereticos
547 881 757 938 propter
791 874 1077 922 doctrinam
1113 881 1165 922 et
1200 875 1406 922 laudem
1443 891 1587 922 suam
1620 874 1702 921 cui
1738 873 1832 937 ipsi

235 942 479 989 invident.
553 942 628 989 Et
664 942 783 1005 quia
808 942 984 989 vident
1020 943 1159 1005 quod
1196 941 1290 1006 ipsi
1318 958 1423 990 non
1459 947 1674 1005 possunt
1710 941 1833 989 talia

236 1009 434 1056 efficere
470 1008 639 1073 qualia
672 1008 754 1056 isti
779 1008 1061 1056 doctissimi
1086 1009 1210 1057 viri:
1248 1026 1368 1072 ergo
1394 1009 1586 1057 vellent
1614 1008 1834 1056 libenter

236 1075 444 1140 perdere
469 1093 567 1124 eos.
643 1076 719 1123 Hi
745 1082 864 1123 sunt
890 1076 1046 1139 igitur
1069 1076 1177 1141 lupi
1195 1093 1399 1140 rapaces
1418 1077 1507 1140 qui
1530 1075 1834 1124 insidiantur

235 1143 402 1191 famae
439 1160 495 1190 ac
533 1143 669 1191 vitae
711 1143 1062 1191 innocentum.
1136 1144 1211 1191 Et
1252 1143 1321 1190 sic
1363 1160 1453 1208 per
1491 1150 1689 1207 septem
1731 1142 1834 1190 iam

237 1227 396 1258 annos
420 1216 700 1274 rapuerunt
719 1216 771 1257 et
795 1216 1112 1258 tracraverslt
1136 1210 1373 1258 hincinde
1398 1210 1641 1258 miserum
1661 1226 1834 1258 senem

238 1277 525 1325 Iohannem
552 1277 807 1324 Reuchlin
828 1295 836 1324 :
875 1284 927 1325 et
952 1277 1047 1325 nisi
1072 1278 1398 1341 omnipotens
1423 1278 1547 1325 deus
1572 1277 1837 1325 avertisset

238 1344 363 1391 illud
389 1345 599 1399 malum,
626 1344 836 1392 omnino
861 1345 1188 1392 devorassent
1212 1361 1345 1392 eum.
1418 1344 1492 1392 Et
1528 1361 1631 1392 non
1664 1350 1838 1408 potest

238 1412 440 1476 exponi,
467 1413 606 1475 quod
635 1411 890 1459 Reuchlin
915 1411 979 1459 sit
1003 1411 1087 1458 ille
1111 1411 1263 1475 lupus
1288 1428 1471 1475 rapax:
1505 1412 1626 1474 quia
1650 1411 1701 1458 in
1725 1418 1838 1459 tota

238 1478 346 1526 vita
388 1495 478 1526 sua
516 1480 775 1526 neminem
813 1479 996 1542 rapuit,
1033 1478 1083 1525 id
1117 1484 1195 1526 est
1233 1479 1495 1526 neminem
1532 1479 1659 1526 falso
1692 1495 1836 1526 accu-

239 1546 369 1593 savit
395 1546 476 1593 vel
501 1552 678 1594 contra
703 1545 864 1593 vitam
890 1553 980 1593 aut
1004 1545 1197 1593 famam
1222 1545 1328 1593 eius
1360 1545 1509 1593 dictis
1535 1545 1615 1592 vel
1640 1545 1837 1609 scriptis

239 1613 359 1677 egit.
452 1613 553 1660 Sed
598 1613 890 1668 attendatiS,
939 1612 1062 1676 quid
1109 1619 1293 1661 sonant
1343 1613 1608 1676 sequentia
1655 1613 1836 1660 verba:

241 1688 251 1705 ‘
273 1680 516 1728 Introivit
553 1681 603 1728 in
640 1680 771 1728 ovile
808 1681 1068 1727 vestrum.'
1138 1680 1277 1735 Quia
1309 1679 1393 1726 ille
1432 1680 1593 1728 bonus
1632 1679 1837 1727 Reuch-

238 1747 311 1795 lin
368 1764 635 1811 nunquam
694 1747 906 1794 intravit
964 1748 1194 1795 studium
1251 1746 1568 1795 Coloniense.
1669 1748 1838 1794 Immo

240 1831 506 1878 nunquam
548 1814 728 1862 habuit
776 1831 950 1862 curam
1008 1815 1071 1862 de
1127 1814 1403 1878 Theologis
1448 1814 1838 1862 Coloniensibus

240 1881 322 1929 vel
357 1882 567 1929 ecclesia
603 1881 911 1938 Coloniensi,
952 1882 1040 1929 sed
1076 1881 1257 1929 habuit
1304 1882 1400 1929 alia
1441 1898 1589 1945 agere
1636 1881 1839 1929 maioris

239 1948 505 1997 utilitatis:
544 1950 686 2014 Ergo
710 1949 817 2013 ipse
850 1965 954 1996 non
983 1955 1155 2013 potest
1190 1949 1290 1997 dici
1322 1965 1454 1996 unus
1487 1965 1550 1996 ex
1578 1948 1676 1996 illis
1706 1948 1839 2013 lupis

239 2016 520 2080 rapacibus,
563 2017 626 2064 de
668 2016 854 2080 quibus
893 2016 1298 2081 Lichtenberger
1339 2017 1512 2071 sentit,
1554 2015 1643 2079 qui
1685 2016 1839 2064 debet

240 2098 348 2131 esse
385 2100 448 2131 ex
484 2084 605 2131 ovili
649 2083 953 2132 Coloniensi.
1028 2084 1445 2148 Consequenter:
1496 2083 1664 2131 ‘Nam
1710 2089 1839 2131 tem-

240 2150 446 2214 poribus
494 2150 671 2198 vestris
731 2157 984 2214 exurgent
1041 2167 1176 2199 nova
1227 2157 1278 2198 et
1337 2150 1623 2198 inaudita:’
1701 2151 1841 2198 Bene

242 2225 407 2265 ‘nova
454 2225 506 2266 et
554 2218 813 2273 inaudita‚'
864 2218 1004 2274 Quia
1051 2235 1217 2282 neque
1265 2218 1442 2266 oculus
1492 2218 1621 2266 vidit
1672 2234 1840 2281 neque

240 2283 372 2331 auris
404 2286 615 2340 audivit,
642 2302 807 2349 neque
846 2284 898 2332 in
932 2302 1017 2333 cor
1041 2285 1261 2334 hominis
1293 2285 1573 2341 descendit,
1599 2285 1738 2349 quod
1768 2286 1839 2332 ita

240 2352 422 2400 doctus
455 2359 508 2400 et
539 2353 728 2417 probus
755 2353 844 2408 vir,
870 2352 959 2416 qui
995 2358 1104 2400 tam
1137 2352 1313 2401 multis
1342 2353 1535 2416 profuit
1564 2359 1615 2400 et
1646 2350 1838 2399 nemini

242 2435 470 2482 unquam
495 2421 687 2474 nocuit,
705 2420 755 2467 in
776 2436 977 2467 summa
996 2426 1261 2469 senectute
1280 2437 1369 2467 sua
1388 2420 1541 2468 debet
1566 2419 1636 2466 ita
1662 2419 1835 2467 crude-

238 2487 357 2535 liter
398 2493 450 2535 et
488 2488 677 2550 perfide
716 2487 887 2534 vexari
926 2493 978 2534 et
1016 2488 1309 2535 conturbari
1343 2493 1395 2534 et
1430 2486 1838 2551 persecutionem

240 2553 361 2617 pati.
448 2554 523 2601 Et
570 2571 692 2618 ergo
740 2553 970 2618 sequitur
1019 2554 1099 2602 ‘in
1147 2554 1369 2603 ecclesiis
1419 2553 1663 2601 vestris’:
1715 2569 1838 2616 qua-

241 2626 449 2684 propter
496 2638 599 2669 non
645 2628 817 2685 potest
871 2621 933 2668 de
981 2622 1239 2669 Reuchlin
1286 2621 1507 2684 allegari,
1556 2620 1675 2683 quia
1733 2619 1839 2683 ipse

242 2687 603 2751 benignissime
630 2689 756 2736 vivit
781 2694 927 2736 extra
951 2689 1216 2736 ecclesiam
1243 2689 1620 2741 Coloniensem,
1648 2685 1838 2734 scilicet

243 2754 295 2801 in
343 2754 659 2819 Episcopatu
713 2755 1109 2804 Constantiensi.
1207 2764 1218 2782 ⁶
1238 2756 1312 2803 Et
1370 2756 1438 2802 sic
1499 2770 1642 2817 spero
1701 2754 1840 2817 quod

243 2820 452 2869 venient
479 2822 676 2877 Canes‚⁷
700 2822 748 2870 id
780 2829 857 2870 est
886 2822 1060 2870 fideles
1090 2823 1343 2871 Custodes
1369 2822 1572 2869 ovium:
1610 2837 1710 2883 que
1736 2820 1842 2868 sine

244 2887 435 2935 invidia
481 2894 533 2935 et
575 2889 935 2937 malevolentia
976 2890 1237 2938 humiliter
1278 2896 1331 2936 et
1372 2887 1589 2934 fideliter
1631 2894 1842 2951 pascent

293 3016 322 3035 ³²
345 3019 410 3050 ide.
461 3018 531 3059 Sic,
559 3017 597 3050 in
626 3014 691 3061 [D]
721 3015 794 3049 aud
829 3012 917 3060 [E];
952 3014 1010 3048 for
1125 3015 1153 3035 ⁹⁴
1171 3019 1258 3049 trae.
1308 3016 1378 3055 Ξιό,
1397 3014 1435 3046 in
1455 3011 1534 3105 [[D}

243 3064 313 3112 “id
333 3064 418 3098 est'’
437 3062 482 3108 (?)
1127 3062 1168 3083 ¹¹3
1193 3073 1265 3105 que.
1316 3062 1385 3103 sic,
1406 3061 1444 3093 in
1481 3058 1543 3105 D].

292 3111 317 3129 δῖ
338 3113 428 3155 qual.
475 3113 545 3153 Sic,
564 3111 602 3144 in
622 3108 688 3155 [D]
707 3109 779 3142 aud
799 3107 872 3154 [E]

1007 3166 1104 3208 239

1865 615 1904 645 85

1868 955 1906 985 90

1871 1293 1909 1323 95

1874 1630 1931 1659 100

1874 1965 1932 1995 105

1875 2300 1932 2328 110

1874 2638 1931 2667 115
