2247 3637
244 257 299 296 11.
322 255 362 310 3]
503 246 777 302 STEPH
789 244 898 301 AN
913 244 1011 300 US
1065 240 1744 299 ROMEDELANTIS

246 356 548 404 Christiana.
623 355 761 412 Quia
800 355 840 402 si
881 370 1013 419 papa
1052 352 1308 417 permittit
1345 352 1455 399 illos
1491 353 1656 399 facere
1698 351 1833 407 talia,

245 440 397 471 nemo
433 429 611 488 postea
651 421 878 469 studebit
914 428 966 469 et
1004 420 1173 468 Nemo
1210 419 1456 483 cogitabit
1493 419 1599 467 fieri
1634 420 1831 467 doctus.

243 489 318 538 Et
343 506 491 554 super
516 489 612 537 hoc
644 489 775 537 dixit
810 489 948 552 quod
987 487 1243 536 Reuchlin
1279 503 1383 534 uno
1412 486 1494 534 die
1523 486 1635 550 plus
1664 493 1836 550 potest

242 558 479 621 prodesse
505 556 725 604 Eccl'iae
760 557 841 604 dei
877 572 1032 619 quam
1070 554 1152 602 isti
1187 553 1378 602 inimici
1414 554 1521 601 eius
1546 553 1598 600 in
1624 560 1834 602 centum

241 623 398 671 annis.
474 624 548 670 Et
572 624 730 671 dixit:
760 631 787 649 ‘⁶
805 624 845 671 si
871 629 990 670 sunt
1016 622 1136 670 boni
1155 628 1245 669 aut
1265 620 1389 669 recti
1411 620 1517 676 viri,
1538 620 1620 668 vel
1644 620 1835 667 habent

240 690 429 738 iustam
466 707 669 738 causam
706 697 883 738 contra
920 689 1192 744 Reuchlin‚
1217 704 1375 753 quare
1411 703 1513 734 non
1550 694 1712 751 agunt
1748 704 1836 750 per

241 760 329 806 se?
417 757 592 813 Quare
640 774 728 821 per
775 757 1091 821 baptizatum
1135 757 1331 804 Iudaesl
1374 755 1558 802 volunt
1598 754 1834 818 expedire

241 824 453 888 negocia
477 827 603 872 sua?
674 824 747 871 Et
777 824 975 872 faciunt
1005 823 1158 872 libros
1196 822 1630 878 scandalizativos‚
1656 827 1834 869 contra

239 891 387 939 illum
414 892 608 939 bonum
633 892 912 947 doctorem,
940 898 992 939 et
1022 891 1282 939 ascribunt
1307 907 1392 939 eos
1418 890 1535 937 huic
1559 888 1834 937 trufatori'?

242 957 296 1006 Si
312 964 444 1006 esset
463 959 604 1022 peior
623 965 675 1005 et
695 959 1013 1006 maledictior
1037 958 1192 1006 homo
1218 975 1307 1022 per
1329 964 1496 1005 totam
1516 956 1833 1012 Almaniam‚

240 1026 334 1091 ipsi
352 1025 509 1073 etiam
526 1026 802 1074 sociassent
822 1026 915 1074 sibi
934 1043 1067 1074 eum.
1110 1026 1210 1074 Sed
1231 1042 1333 1072 non
1353 1031 1431 1073 est
1450 1024 1653 1072 mirum.
1694 1024 1834 1079 Quia

239 1092 420 1140 schlim
459 1093 650 1140 schlem
692 1093 891 1156 quaerit
928 1092 1021 1140 sibi
1057 1092 1320 1140 similem.”
1412 1091 1560 1138 Tunc
1596 1108 1692 1155 ego
1729 1108 1833 1138 non

238 1159 386 1225 potui
402 1160 620 1225 amplius
645 1167 827 1216 tacere,
849 1161 935 1207 sed
951 1160 1086 1208 dixi:
1114 1168 1141 1186 ‘⁵
1161 1160 1390 1207 Domine
1405 1159 1599 1214 doctor,
1617 1158 1834 1222 parcatis

239 1226 380 1283 mihi,
410 1227 664 1275 Iohannes
685 1227 1010 1276 Pfefferkorn
1029 1234 1104 1275 est
1125 1227 1200 1275 vir
1218 1227 1478 1282 honestus,
1498 1232 1551 1273 et
1570 1232 1648 1274 est
1671 1226 1834 1273 fidelis

239 1293 539 1342 sollicitator
564 1295 838 1343 Caesareae
877 1295 1181 1351 Maiestatis,
1207 1301 1260 1342 et
1296 1300 1373 1342 est
1408 1300 1561 1341 natus
1596 1293 1659 1341 de
1694 1292 1833 1341 tribu

237 1361 518 1426 Neptalim.
591 1361 664 1410 Et
703 1362 840 1410 scitis
881 1363 1020 1426 quod
1057 1368 1134 1410 est
1169 1378 1272 1410 una
1307 1360 1519 1424 antiqua
1553 1360 1831 1424 progenies.

238 1428 314 1477 Et
348 1430 455 1493 ipse
490 1436 662 1494 posset
696 1429 900 1494 gloriari
936 1430 1075 1492 quod
1111 1435 1189 1476 est
1225 1427 1422 1484 nobilis,
1460 1428 1694 1491 quamvis
1731 1444 1835 1475 non

235 1495 360 1543 facit
406 1503 615 1560 propter
661 1496 1056 1544 lmmilitatem.”
1141 1496 1289 1543 Tunc
1331 1495 1593 1560 respondit
1635 1495 1837 1542 Doctor

236 1563 353 1611 ille:
415 1563 744 1628 “Accipiatis
804 1563 997 1611 coclear
1055 1569 1108 1610 et
1164 1569 1371 1627 gustate
1419 1562 1543 1626 quid
1590 1561 1834 1609 dixistis.''

237 1630 386 1678 Tunc
428 1631 563 1680 dixi:
613 1631 882 1678 “Creditis
924 1630 1063 1694 quod
1106 1647 1210 1677 non
1246 1630 1402 1677 etiam
1441 1629 1544 1677 vidi
1585 1629 1832 1677 homines.

237 1697 356 1761 Ego
393 1714 507 1746 sum
545 1699 797 1763 Magister
831 1697 1177 1753 Parhisiensis‚
1203 1704 1256 1744 et
1292 1696 1537 1744 Coloniae
1573 1697 1746 1744 studui
1782 1697 1835 1744 in

238 1764 521 1829 Theologia
541 1766 669 1813 bene
694 1765 822 1813 duos
849 1781 1009 1813 annos
1031 1784 1040 1814 ;
1066 1764 1273 1812 domine
1299 1765 1493 1820 doctor,
1515 1780 1618 1811 non
1640 1763 1746 1811 sitis
1765 1764 1833 1811 sic

236 1833 483 1896 superbus
525 1840 805 1896 antequam
847 1832 1153 1897 cognoscitis
1194 1832 1473 1879 homineS.”
1546 1831 1836 1895 Respondit

236 1899 416 1947 doctor
441 1901 683 1948 Murner:
722 1900 881 1956 Quod
916 1916 1021 1947 non
1054 1900 1203 1948 scivit
1227 1900 1365 1963 quod
1390 1899 1464 1946 fui
1491 1898 1755 1962 Magister,
1783 1905 1836 1946 et

236 1966 395 2015 dixit:
432 1975 459 1994 ‘⁴
478 1968 542 2015 de
567 1968 834 2015 honestate
861 1967 1104 2015 Iohannis
1129 1967 1455 2015 Pfefferkorn
1479 1983 1584 2014 non
1608 1966 1834 2013 multum

236 2034 425 2090 audivi,
470 2035 557 2083 sed
598 2035 737 2099 quod
779 2035 842 2082 de
884 2052 945 2082 eo
986 2034 1174 2091 audivi,
1217 2034 1347 2082 bene
1394 2050 1603 2098 possum
1651 2033 1833 2089 dicere,

235 2102 375 2165 quod
416 2102 511 2149 nisi
554 2102 732 2150 Iudaei
779 2102 1063 2150 voluissent
1103 2119 1223 2150 eum
1265 2101 1573 2149 mortificare
1628 2107 1836 2165 propter

237 2168 487 2216 maleficia
511 2187 617 2226 sua,
647 2170 764 2234 Ipse
786 2187 1054 2234 nunquam
1085 2169 1264 2217 fuisset
1284 2169 1451 2216 factus
1471 2167 1836 2215 ChristianUS.’'

236 2234 311 2283 Et
348 2235 479 2283 dixit
514 2237 653 2301 quod
689 2237 899 2300 quidam
927 2237 1150 2284 Iudaeus
1185 2236 1317 2283 dixit
1353 2235 1446 2283 sibi
1483 2244 1512 2261 ‘⁶
1533 2236 1672 2283 Ecce
1708 2235 1834 2283 illud

236 2304 377 2366 quod
435 2320 539 2351 non
606 2303 742 2352 valet
806 2304 943 2368 apud
1009 2304 1244 2359 Iudaeos,
1304 2305 1500 2351 bonum
1560 2309 1638 2351 est
1697 2303 1833 2367 apud

237 2370 570 2427 Christianos,
610 2371 718 2419 Nos
755 2372 1012 2419 voluimus
1049 2372 1111 2418 ad
1148 2378 1370 2419 mortem
1411 2370 1635 2418 iudicare
1676 2372 1832 2416 istum

236 2437 636 2493 malefactorem,
680 2440 789 2485 Vos
831 2438 1106 2486 Christiani
1148 2438 1345 2486 habetis
1387 2455 1506 2486 eum
1549 2438 1600 2484 in
1641 2437 1834 2484 honore

236 2504 381 2569 quasi
406 2512 538 2553 esset
564 2505 719 2554 homo
744 2506 933 2570 probus
969 2513 1022 2554 et
1058 2507 1256 2561 doctus,
1283 2523 1403 2553 cum
1438 2512 1614 2552 tamen
1649 2503 1832 2551 videtis

236 2579 444 2637 propter
469 2573 593 2637 quid
619 2579 697 2621 est
721 2574 889 2621 factus
911 2573 1278 2621 Christianus.”
1350 2572 1431 2619 Ibi
1451 2589 1546 2635 ego
1565 2570 1831 2634 respondi:

238 2640 516 2688 “Domine
558 2641 752 2697 doctor,
791 2640 1008 2688 audiatis
1050 2640 1327 2688 modicum.
1416 2638 1593 2686 Iudaei
1634 2637 1833 2684 faciunt

235 2706 472 2754 iniuriam
521 2708 738 2756 Iohanni
788 2708 1125 2762 Pfefferkorn‚
1169 2707 1290 2771 quia
1330 2722 1597 2769 nunquam
1642 2703 1833 2751 furavit

237 2773 445 2837 aliquid,
488 2791 656 2838 neque
702 2775 962 2823 malefecit
1002 2775 1160 2823 etiam
1201 2774 1407 2837 quando
1448 2772 1548 2819 fuit
1592 2772 1830 2827 Iudaeus,

237 2840 370 2888 sicut
410 2847 487 2888 est
535 2841 616 2905 pie
665 2843 990 2890 credendum.
1065 2843 1138 2890 Et
1186 2841 1325 2905 quod
1378 2840 1474 2887 hoc
1523 2839 1587 2886 sit
1635 2855 1829 2893 verum,

237 2907 433 2955 debetis
460 2907 600 2964 scire,
637 2910 899 2972 quomodo
937 2910 1039 2956 duo
1077 2909 1256 2956 Iudaei
1293 2906 1449 2955 semel
1485 2905 1760 2953 voluerunt
1786 2905 1832 2953 ei

239 2975 513 3038 Imponere
549 2975 816 3023 infamiam
852 2977 994 3031 furti,
1020 2976 1108 3023 sed
1144 2991 1206 3023 ex
1246 2973 1447 3021 Invidia
1482 2973 1737 3020 duntaxat
1779 2979 1831 3020 et

284 3078 311 3097 ³5
328 3081 460 3122 semim,
475 3079 543 3113 ὣο.
561 3091 568 3113 ;
589 3080 745 3124 perhaps
758 3081 851 3115 from
867 3082 1002 3121 sehelm,
1072 3082 1142 3113 sire
1161 3080 1336 3122 speculum
1354 3079 1543 3120 Jhtnnrum
1563 3077 1576 3122 (
1583 3079 1611 3111 T
1608 3079 1696 3111 urba
1718 3079 1829 3120 lavia,

236 3139 257 3160 a
298 3138 422 3171 rogue.
474 3127 529 3160 Cf.
567 3126 603 3159 J.
648 3126 786 3170 Geiler,
826 3129 1003 3161 Nar-ieula
1072 3126 1158 3170 Aa),
1178 3125 1388 3170 Strasburg,
1410 3124 1509 3158 1510.

1000 3187 1094 3233 137

1871 432 1909 461 25

1870 765 1908 794 30

1868 1103 1908 1133 35

1871 1442 1908 1471 40

1870 1775 1909 1805 45

1870 2110 1909 2140 50

1869 2444 1907 2474 55

1868 2782 1907 2812 60
