2247 3637
254 270 308 307 11.
332 273 400 320 38]
531 257 1041 313 DEMETRIUS
1097 254 1594 312 PHALERIUS

253 368 394 415 favet
420 367 493 415 Io.
523 366 607 423 R.‚
632 364 867 429 quamvis
903 363 1152 428 Theologi
1188 363 1429 412 dixerunt
1465 362 1509 410 ei
1546 378 1609 410 ne
1644 361 1854 409 deberet

255 435 433 482 facere.
524 432 598 480 Et
645 433 844 480 dictum
885 432 985 480 fuit
1023 431 1161 495 quod
1204 430 1402 495 scripsit
1443 429 1494 476 in
1537 446 1638 476 una
1675 429 1748 476 lfa
1788 427 1852 475 ad

254 500 557 549 Almaniam
582 500 720 563 quod
745 499 973 563 theologi
997 497 1364 546 Parrhisienses
1399 502 1750 544 tractaverunt
1776 496 1851 542 Io.

256 569 322 616 R.
350 585 453 615 non
477 567 624 615 aliter
652 583 807 630 quam
839 566 1017 614 Iudaei
1043 565 1247 613 Chrstn.
1321 563 1424 612 Sed
1450 563 1587 611 dicat
1610 561 1852 627 quicquid

255 634 396 690 velit,
421 641 597 682 tamen
622 633 783 682 maior
808 651 919 697 pars
944 634 996 682 in
1022 632 1240 680 Parrisia
1263 638 1340 679 est
1363 647 1455 695 pro
1479 629 1624 678 nobis
1648 634 1856 694 propter

256 702 503 751 honorem
551 700 895 748 universitatis
953 707 1005 749 et
1051 699 1227 747 odium
1287 698 1606 746 Iuristarum.
1713 695 1856 759 Ergo

252 768 453 817 debetis
483 784 590 816 esse
620 767 755 815 bono
780 768 949 815 animo
974 766 1213 815 laetando
1238 771 1290 814 et
1314 764 1600 829 gaudendo.
1676 762 1857 810 valete

252 834 592 884 aeternaliter.
667 835 871 883 Datum
898 833 1089 883 Parrhi.

912 1111 1235 1159 XXXVIII

479 1249 543 1297 ΕΙΣ
579 1247 1071 1295 DEMETRIUS
1121 1243 1605 1292 PHALERIUS

781 1314 861 1362 M.
895 1313 1112 1361 Ortvino
1143 1312 1210 1360 G.
1251 1312 1302 1359 S.

358 1448 688 1498 CRIBITIS
734 1448 858 1496 mihi
896 1447 1176 1511 interrogas
1213 1461 1241 1492 a
1276 1461 1360 1492 me
1394 1445 1657 1508 quomodo
1689 1450 1864 1492 tamen

391 1515 692 1564 universitas
729 1521 902 1563 nostra
937 1514 1092 1562 habet
1128 1529 1179 1560 se
1215 1512 1268 1560 in
1305 1513 1474 1560 Causa
1504 1511 1652 1560 fidei:
1688 1527 1754 1558 an
1787 1516 1864 1559 est

262 1600 355 1649 pro
380 1583 524 1631 vobis
554 1599 618 1631 an
643 1598 734 1646 pro
762 1583 836 1630 Io.
866 1581 930 1629 R.
960 1580 1160 1636 Sciatis,
1185 1579 1266 1627 hic
1292 1585 1345 1627 et
1369 1595 1459 1643 per
1482 1584 1650 1627 totam
1674 1584 1864 1627 terram
1901 1601 1919 1619 ›

266 1650 585 1699 Suitensium
635 1650 814 1697 fratres
867 1648 930 1696 de
982 1647 1158 1696 ordine
1210 1646 1621 1711 praedicatorum
1675 1645 1867 1693 habent

264 1718 457 1767 malam
487 1718 682 1765 famam
712 1723 764 1765 et
798 1721 919 1764 sunt
944 1715 996 1763 in
1021 1731 1209 1779 magna
1237 1713 1480 1777 disgratia
1508 1718 1718 1778 propter
1753 1711 1865 1760 illos

268 1787 577 1834 Innocentes
609 1785 788 1832 fratres
819 1782 909 1846 qui
940 1782 1151 1831 fuerunt
1188 1779 1444 1829 combusti
1480 1779 1532 1829 in
1566 1780 1717 1836 Bern,
1747 1778 1867 1843 quia

265 1869 533 1917 nunquam
571 1851 723 1900 credo
759 1850 900 1915 quod
934 1850 1169 1899 fecerunt
1202 1847 1327 1896 talia
1362 1864 1494 1911 quae
1530 1847 1775 1896 dicuntur
1804 1846 1867 1894 de

265 1919 349 1969 eiS.
413 1919 582 1984 Igitur
608 1917 925 1967 Monasteria
949 1933 1127 1965 eorum
1152 1915 1462 1971 desolantur,
1483 1921 1536 1963 et
1560 1913 1869 1962 monasteria

265 1987 485 2036 fratrum
511 2003 547 2035 s.
584 1987 628 2033 F
633 1984 842 2033 rancisci
875 1990 1124 2033 crescunt.
1198 1983 1272 2031 Et
1307 1982 1514 2047 quando
1548 1998 1680 2029 unus
1710 1981 1868 2029 homo

265 2055 357 2103 dat
424 2053 778 2103 Elemosinam
839 2051 1256 2117 predicatoribus,
1315 2056 1442 2098 tunc
1500 2048 1684 2115 viginti
1742 2048 1870 2096 dant

266 2121 550 2170 minoribus
586 2127 641 2168 et
677 2119 1151 2184 Augustinensibus
1187 2124 1240 2165 et
1276 2116 1397 2165 aliis,
1468 2116 1648 2165 Etiam
1682 2115 1871 2164 dicitur

266 2189 408 2252 quod
454 2194 533 2237 est
573 2187 626 2236 in
672 2186 955 2252 prophetia,
998 2186 1137 2252 quod
1180 2184 1263 2234 ille
1307 2184 1449 2232 Ordo
1490 2183 1868 2249 predicatorum

266 2256 423 2304 debet
490 2254 721 2303 totaliter
779 2253 948 2302 deleri.
1045 2253 1211 2317 Super
1274 2251 1372 2300 hoc
1439 2257 1517 2300 est
1587 2250 1668 2299 hic
1732 2266 1868 2298 unus

267 2322 579 2387 Theologus,
610 2327 670 2370 ut
705 2321 813 2385 ipse
848 2337 900 2370 se
936 2320 1184 2377 nominat,
1214 2319 1302 2367 sed
1330 2318 1456 2367 mihi
1492 2318 1694 2367 videtur
1728 2316 1869 2381 quod

268 2390 432 2454 magis
468 2395 545 2437 est
583 2395 751 2454 poeta,
788 2387 957 2436 dictus
996 2388 1243 2436 Erasmus
1281 2385 1678 2441 Roterodamus,
1715 2383 1804 2447 qui
1840 2400 1869 2431 a

268 2456 448 2506 multis
476 2455 549 2505 ita
580 2456 862 2504 honoratur
898 2455 1030 2504 sicut
1068 2454 1108 2503 si
1147 2460 1281 2503 esset
1317 2453 1624 2502 miraculum
1663 2449 1866 2499 Mundi.

269 2524 346 2573 Et
391 2530 469 2573 est
516 2523 600 2572 ille
647 2522 735 2587 qui
783 2523 982 2587 scripsit
1028 2522 1217 2570 librum
1259 2520 1672 2574 Proverbiorum,
1711 2534 1869 2581 quem

268 2591 428 2641 semel
475 2589 770 2640 ostendistis
816 2590 941 2638 mihi
990 2589 1253 2646 Coloniae,
1300 2595 1352 2636 et
1398 2586 1626 2635 dixistis:
1680 2584 1869 2641 “Quid

269 2659 416 2707 nobis
441 2675 560 2707 cum
587 2657 874 2706 Proverbiis
903 2656 1123 2714 Erasmi,
1148 2673 1268 2705 cum
1300 2654 1548 2702 habemus
1579 2651 1870 2718 proverbias

270 2725 636 2774 Salamonis?”
697 2724 781 2773 ille
805 2724 1054 2773 Erasmus
1078 2723 1307 2772 multum
1338 2727 1484 2770 tenet
1515 2721 1579 2768 de
1611 2717 1870 2767 Reuchlin

270 2799 325 2841 et
374 2808 572 2856 semper
617 2792 797 2840 laudat
855 2808 1005 2839 eum:
1066 2797 1120 2839 et
1176 2806 1339 2854 nuper
1397 2787 1521 2837 fecit
1579 2785 1870 2850 imprimere

270 2859 468 2922 aliquas
527 2858 788 2923 Epistolas
845 2875 973 2922 quas
1026 2857 1165 2906 misit
1211 2857 1276 2904 ad
1325 2855 1533 2904 Curiam
1576 2853 1869 2901 Romanam

321 2998 333 3016 ¹
351 2999 502 3032 Demetr.
553 2996 655 3042 Why
679 2997 743 3032 the
773 3009 879 3032 name
908 2998 950 3032 of
975 2997 1038 3031 the
1154 2994 1167 3013 ⁸
1190 2997 1294 3029 Rern.
1345 2994 1414 3028 See
1431 2993 1452 3027 i.
1471 2991 1532 3034 22,
1551 3004 1586 3026 η.

272 3044 425 3080 learned
450 3042 627 3077 librarian
650 3044 693 3078 of
714 3044 951 3087 Alexandria,
972 3056 1037 3078 ac.
1155 3041 1180 3061 ¹⁷
1200 3044 1337 3076 Eramn.
1392 3040 1432 3074 E.
1466 3039 1598 3074 visited
1631 3037 1738 3074 Basle
1772 3050 1875 3074 more

271 3091 451 3133 345-283,
464 3090 596 3125 should
613 3090 656 3125 be
670 3090 830 3125 selected
847 3102 886 3125 as
902 3091 986 3125 that
1002 3090 1045 3123 of
1107 3090 1198 3123 than
1218 3100 1308 3122 once
1329 3088 1366 3121 in
1394 3087 1568 3128 1514-16,
1586 3086 1718 3131 taking
1742 3097 1791 3131 up
1815 3086 1874 3120 his

271 3151 344 3174 one
363 3139 405 3172 of
416 3138 480 3173 the
498 3137 607 3172 Obsc.
630 3137 708 3171 Viri
727 3139 756 3171 is
775 3137 1035 3182 unexplained.
1108 3136 1296 3170 residence
1312 3135 1419 3169 there
1437 3135 1474 3168 in
1496 3134 1595 3168 1521.

1035 3197 1132 3239 213

1904 1930 1941 1959 10

1905 2264 1941 2293 15

1903 2597 1942 2626 20
