2247 3637
228 270 280 310 11.
306 274 373 321 53]
486 258 925 317 IOHANNES
980 255 1581 315 SCHLUNTZICK

226 384 322 434 ego
347 369 450 417 vidi
476 385 595 417 eum
620 368 792 416 venire
826 368 1050 415 Romam
1081 381 1199 414 cum
1228 365 1393 413 tribus
1419 364 1576 427 equis,
1603 370 1656 412 et
1685 378 1822 411 nunc

229 436 369 484 vadit
394 453 482 500 per
500 435 699 501 pedeS.’'
771 435 844 483 Et
868 433 974 482 dixi
999 434 1074 481 ei:
1113 440 1142 460 ‘⁶
1168 431 1336 479 Vultis
1356 447 1546 494 equum
1566 446 1739 478 meum
1759 433 1776 479 3
1793 431 1817 447 ”

229 503 520 568 Respondit
543 502 649 567 ipse
675 501 914 551 metrice:

478 628 558 674 Qui
579 628 675 665 dare
696 627 784 664 vult
803 626 904 671 aliis,
925 639 1006 663 non
1028 625 1154 662 debet
1174 624 1310 662 dicere
1332 628 1356 645 “
1373 622 1507 660 Vultis
1523 622 1577 659 '’?

228 741 376 789 Tunc
418 740 555 789 dixi:
610 741 757 788 “Per
795 740 966 796 deum,
1004 738 1188 787 eximie
1234 737 1457 794 domine,
1495 736 1612 801 Ego
1659 736 1822 785 habeo

227 824 384 855 unam
410 807 715 863 vacantiam,
741 813 793 855 et
818 813 1086 872 propterea
1109 812 1315 870 oportet
1346 821 1428 853 me
1451 803 1694 852 velociter
1721 804 1822 853 ire:

223 874 347 922 alias
372 875 557 923 vellem
583 874 725 922 vobis
745 875 864 922 dare
889 890 1081 936 equum
1106 873 1324 921 meum.’'
1395 872 1468 919 Et
1488 870 1557 918 sic
1576 871 1823 934 dereliqui

226 958 360 989 eum.
435 941 572 989 Ecce
596 957 733 988 nunc
759 941 895 989 scitis
920 941 1181 1004 quomodo
1208 946 1322 988 stat.
1384 938 1459 987 Et
1479 938 1663 987 videtis
1682 938 1822 1001 quod

226 1008 310 1056 ille
352 1009 595 1072 magister
632 1014 804 1056 noster
851 1014 928 1056 est
971 1008 1023 1055 in
1070 1023 1258 1072 magna
1299 1005 1513 1063 miseria,
1556 1011 1824 1071 propterea

227 1075 507 1140 procuretis
549 1076 594 1124 ei
637 1075 921 1140 pecuniam,
964 1075 1046 1123 vel
1083 1075 1249 1122 Causa
1277 1073 1408 1122 male
1441 1072 1612 1121 stabit.
1684 1072 1824 1128 Quia

225 1149 523 1208 procurator
560 1142 801 1190 Iohannis
839 1142 1095 1190 Reuchlin
1140 1142 1358 1189 Ioannes
1401 1157 1501 1189 von
1537 1141 1626 1188 der
1665 1140 1823 1188 Wiek

226 1210 352 1258 facit
392 1210 674 1258 maximam
709 1208 1044 1273 diligentiam,
1082 1215 1136 1257 et
1172 1208 1327 1256 currit
1362 1214 1415 1256 et
1450 1207 1674 1256 recurrit.
1748 1207 1823 1255 Et

226 1293 389 1342 nuper
430 1277 678 1342 imposuit
719 1276 971 1340 quaedam
1019 1276 1206 1340 scripta
1248 1282 1425 1323 contra
1467 1275 1542 1322 M.
1587 1280 1822 1322 nostrum

228 1344 494 1401 Iacobum,
523 1344 592 1392 ita
617 1343 910 1392 scandalosa
933 1343 1072 1407 quod
1098 1359 1193 1406 ego
1218 1342 1372 1390 miror
1402 1341 1541 1405 quod
1566 1341 1690 1389 deus
1719 1357 1822 1388 non

225 1417 403 1476 aperte
449 1412 625 1476 plagat
672 1428 805 1459 eum.
903 1410 1021 1474 Ipse
1079 1410 1237 1458 etiam
1294 1425 1456 1473 nuper
1509 1408 1822 1473 vituperavit

225 1480 517 1544 praefatum
537 1480 611 1526 M.
635 1484 870 1526 nostrum
890 1477 941 1524 in
961 1477 1159 1531 faciem,
1180 1476 1352 1524 dicens
1372 1494 1381 1524 :
1421 1484 1449 1502 ‘⁶
1471 1476 1588 1540 Ego
1605 1475 1822 1524 efficiam

225 1546 418 1594 auxilio
444 1545 687 1602 veritatis,
712 1545 851 1608 quod
875 1550 934 1592 tu
960 1544 1186 1592 morieris
1211 1543 1263 1590 in
1288 1542 1526 1591 scandalo
1551 1549 1604 1591 et
1622 1542 1822 1590 miseria

226 1619 281 1662 et
315 1612 542 1670 tristicia,
579 1619 632 1661 et
680 1612 753 1660 Io.
795 1610 1052 1660 Reuchlin
1098 1610 1451 1675 triumphabit,
1524 1609 1598 1657 Et
1645 1626 1823 1658 omnes

227 1680 478 1744 Theologi
507 1680 698 1728 debent
730 1679 826 1726 hoc
852 1678 1038 1734 videre,
1063 1677 1220 1726 etiam
1250 1678 1290 1724 si
1325 1677 1572 1726 deberent
1607 1676 1822 1740 rumpi.”

226 1747 301 1796 Et
338 1747 406 1795 sic
443 1746 593 1796 video
631 1747 770 1811 quod
810 1746 905 1794 iste
930 1744 1221 1811 praedictus
1260 1744 1514 1792 Iohannes
1554 1744 1617 1793 de
1660 1743 1821 1791 Wick

225 1814 515 1879 praetendit
551 1830 657 1862 esse
693 1813 929 1861 inimicus
966 1812 1200 1861 omnium
1237 1811 1620 1876 Theologorum
1656 1817 1710 1859 et
1744 1817 1822 1859 est

225 1882 382 1931 homo
408 1881 554 1930 valde
586 1881 767 1929 audax.
842 1880 917 1928 Et
942 1886 1020 1928 est
1044 1880 1117 1927 ita
1140 1879 1438 1928 temerarius
1463 1884 1718 1942 quantum
1743 1884 1821 1926 est

223 1948 474 2014 possibile.
547 1949 664 2013 Ego
700 1948 870 1996 audivi
906 1965 935 1995 a
964 1948 1217 2012 Magistro
1253 1953 1426 1995 nostro
1456 1945 1647 1994 Iacobo
1682 1945 1821 2008 quod

224 2016 386 2065 dixit:
424 2025 453 2043 ‘⁶
474 2016 588 2064 Nisi
612 2015 791 2064 fuisset
816 2015 927 2071 iste,
953 2031 1050 2079 ego
1075 2014 1364 2062 habuissem
1390 2013 1699 2061 sententiam
1728 2029 1821 2077 pro

225 2100 309 2132 me
338 2083 514 2132 statim
545 2083 750 2146 quando
784 2082 899 2131 veni
929 2082 1203 2130 Romam.”
1276 2082 1350 2129 Et
1375 2087 1453 2128 est
1479 2097 1674 2136 verum,
1701 2080 1822 2142 quia

223 2151 381 2200 etiam
428 2151 492 2198 ab
540 2150 647 2198 aliis
688 2149 875 2206 audivi,
918 2149 1057 2212 quod
1103 2149 1309 2212 quando
1357 2148 1432 2196 M.
1483 2147 1549 2195 N.
1603 2147 1821 2195 Iacobus

223 2218 450 2283 primum
488 2216 630 2265 venit
680 2217 744 2265 ad
798 2217 1090 2264 Romanam
1139 2215 1363 2271 Curiam,
1419 2221 1545 2262 tunc
1592 2214 1691 2262 fuit
1749 2214 1822 2262 ita

223 2285 462 2334 terribilis
499 2284 638 2348 quod
685 2299 862 2332 omnes
906 2283 1164 2332 Curtisani
1200 2283 1489 2331 timuerunt
1529 2298 1662 2330 eum.
1746 2281 1820 2329 Et

225 2352 395 2401 nullus
443 2358 740 2417 procurator
787 2351 953 2399 voluit
990 2367 1098 2398 esse
1136 2367 1228 2415 pro
1269 2349 1500 2398 Iohanne
1544 2347 1816 2404 Reuchlin,

224 2420 345 2484 quia
378 2419 665 2467 timuerunt
700 2418 858 2466 talem
896 2417 1199 2482 magistrum
1235 2424 1485 2471 nostrum,
1511 2422 1563 2464 et
1601 2416 1818 2464 Iacobus

224 2488 288 2535 de
348 2485 746 2550 Questenbergk
792 2484 881 2549 qui
933 2491 1012 2533 est
1070 2484 1226 2533 etiam
1279 2484 1497 2532 Amicus
1545 2482 1817 2539 Reuchlin,

223 2553 477 2618 quaesivit
513 2569 602 2618 per
640 2559 810 2601 totam
858 2553 1084 2600 Romam
1129 2552 1355 2600 invenire
1390 2567 1552 2599 unum
1587 2565 1818 2614 procura-

224 2628 421 2670 torem:
475 2628 529 2669 et
566 2637 670 2668 non
713 2619 884 2685 potuit
920 2620 1164 2675 invenire,
1203 2619 1323 2682 quia
1361 2633 1539 2666 omnes
1577 2616 1817 2664 dixerunt

224 2688 364 2751 quod
388 2688 581 2736 vellent
605 2688 651 2735 ei
675 2687 727 2735 in
757 2687 864 2734 aliis
898 2687 1228 2751 complacere,
1255 2686 1343 2734 sed
1375 2685 1427 2733 in
1462 2683 1675 2747 negocio
1700 2683 1818 2730 fidei

223 2755 467 2803 timerent
504 2771 569 2802 ne
608 2755 683 2802 M.
728 2754 794 2802 N.
841 2754 1059 2802 Iacobus
1095 2753 1372 2816 inquireret
1407 2768 1492 2799 eos
1528 2751 1591 2797 ad
1627 2750 1814 2813 ignem.

226 2822 347 2869 Istis
373 2822 441 2869 sic
467 2821 724 2869 stantibus
749 2822 892 2869 venit
915 2821 1000 2869 ille
1024 2821 1205 2868 doctor
1231 2819 1292 2880 (si
1317 2825 1393 2866 est
1418 2818 1623 2882 dignus)
1652 2818 1725 2865 Io.
1755 2817 1818 2865 de

225 2888 386 2936 Wiek
434 2895 486 2936 et
527 2888 658 2936 dixit
694 2887 758 2935 ad
797 2889 931 2936 Iaco.
971 2889 1034 2936 de
1071 2886 1460 2948 Questenberg:
1499 2893 1526 2911 ‘⁶
1549 2884 1665 2948 Ego
1702 2901 1816 2932 sum

223 2962 430 3021 paratus
477 2955 658 3002 offerre
705 2971 787 3002 me
836 2962 1037 3003 contrra
1083 2954 1306 3001 furorem
1354 2951 1486 3000 illius
1534 2951 1801 2999 monachi’

387 3086 415 3107 ‘²
443 3090 561 3123 Wiclc:
587 3088 623 3122 ii.
642 3088 699 3131 49,
717 3099 752 3123 η.
1258 3083 1285 3104 ⁶⁸
1305 3089 1484 3128 (gne-stem:
1509 3084 1544 3118 ii.
1566 3083 1621 3127 10,
1640 3095 1673 3118 71.

813 3132 841 3153 ⁶⁰
864 3139 952 3171 cont,
1002 3136 1071 3177 Sic,
1091 3134 1128 3168 in
1149 3131 1226 3179 [D]

980 3196 1076 3237 245

1855 623 1894 654 35

1857 1018 1895 1047 40

1857 1353 1895 1383 45

1856 1690 1895 1720 50

1856 2029 1895 2059 55

1855 2363 1893 2393 60

1853 2701 1891 2731 65
