2247 3637
197 255 227 295 1.
252 259 321 306 29]
519 244 1024 301 TILMANNUS
1081 244 1472 301 LUMPLIN

198 353 469 401 consilium
502 352 553 399 in
583 353 731 401 factis
757 352 950 408 vestris,
977 352 1097 416 quia
1122 352 1255 400 facio
1290 353 1413 400 talia
1440 353 1572 401 bono
1601 353 1788 401 animo.

198 420 270 467 Et
304 420 420 468 volo
458 419 677 468 cavisare
706 437 795 468 vos
832 420 1116 467 secundum
1151 419 1291 482 quod
1328 436 1424 483 ego
1461 420 1707 484 intelligo,
1740 427 1791 468 et

197 488 459 535 modicum
502 487 618 535 volo
660 487 907 551 corrigere
950 504 1054 541 vos,
1097 487 1216 550 quia
1258 487 1465 534 vexatio
1503 488 1591 534 dat
1640 488 1790 536 intel-

196 554 406 602 lectum.
480 553 554 601 Et
589 555 837 617 scriptum
867 560 945 602 est
976 554 1026 601 in
1061 553 1423 601 Ecclesiastico
1457 572 1562 618 cap.
1593 555 1790 603 XIII.:

198 629 224 647 ‘⁶
248 621 355 678 Qui
382 621 613 685 tetigerit
645 622 827 686 picem,
862 621 1213 685 inquinabitur
1245 620 1309 667 ab
1342 621 1446 669 ea.'’
1517 622 1600 669 Sic
1634 622 1789 669 etiam

197 688 255 734 fit
292 687 450 744 vobiS‚
481 688 600 751 quia
636 688 792 736 vultis
829 688 1013 736 habere
1050 689 1188 752 quod
1224 704 1339 735 sum
1368 688 1561 736 amicus
1594 695 1790 737 vester:

194 762 464 820 propterea
499 762 704 819 oportet
741 755 897 803 etiam
932 772 1023 819 pro
1060 756 1195 803 bono
1231 756 1457 820 accipere
1494 756 1790 804 vexationes

195 840 224 869 a
253 838 349 871 me.
423 823 540 886 Ego
581 822 783 887 percepi
822 839 911 870 seu
950 822 1178 870 intellexi
1220 823 1359 885 quod
1397 839 1485 870 vos
1521 823 1703 871 tacetis
1738 823 1790 871 in

196 906 345 937 causa
394 890 601 937 Ioannis
637 889 911 945 Reuchlin‚
950 896 1000 937 et
1036 906 1139 936 non
1175 890 1489 954 respondetis
1526 889 1572 938 ei
1613 896 1792 938 contra

195 973 310 1004 suas
349 956 809 1004 scandalizationes.
882 957 956 1004 Et
991 957 1148 1005 iratus
1184 974 1298 1005 sum
1329 957 1493 1013 valde,
1519 956 1638 1020 quia
1673 974 1790 1004 amo

196 1040 301 1079 VOS,
339 1030 391 1072 et
429 1024 677 1088 scriptum
713 1030 820 1072 est:
859 1025 1080 1080 “Quem
1122 1024 1295 1088 diligo,
1328 1024 1571 1089 corrigo.''
1652 1024 1790 1071 Nam

195 1107 354 1154 quare
378 1090 637 1156 incepistis
662 1090 706 1138 ei
731 1091 1054 1155 respondere,
1082 1092 1120 1138 si
1146 1108 1249 1139 non
1274 1091 1430 1140 vultis
1457 1092 1789 1140 continuare?

194 1159 286 1205 An
321 1175 424 1206 non
460 1159 578 1206 estis
615 1158 903 1207 sufficiens?
974 1159 1079 1206 Vos
1117 1160 1236 1207 estis
1266 1177 1355 1223 per
1383 1160 1538 1206 deum
1568 1165 1621 1206 et
1649 1176 1789 1223 prae-

196 1225 368 1273 sertim
406 1226 457 1273 in
493 1225 740 1273 facultate
775 1225 1065 1290 theologica
1100 1226 1220 1273 estis
1254 1227 1298 1274 ei
1340 1226 1550 1274 melior:
1587 1232 1640 1273 et
1669 1243 1789 1291 ergo

195 1292 391 1340 debetis
428 1293 472 1340 ei
508 1293 826 1357 respondere,
857 1299 909 1340 et
945 1293 1214 1341 defendere
1248 1294 1440 1341 famam
1472 1299 1710 1349 vestram,
1737 1300 1789 1341 et

193 1359 481 1424 praedicare
516 1360 671 1408 fidem
709 1359 1054 1416 christianam,
1089 1367 1267 1408 contra
1302 1377 1458 1423 quam
1497 1360 1670 1408 scribit
1707 1361 1790 1408 ille

196 1427 492 1475 haereticus.

296 1495 371 1542 Et
396 1511 497 1542 non
515 1494 712 1542 debetis
738 1493 960 1557 aliquem
980 1493 1240 1557 respicere,
1257 1494 1377 1556 quia
1402 1494 1527 1542 dicit
1546 1494 1789 1542 Salomon

194 1561 246 1608 in
272 1561 620 1610 Ecclesiastici
646 1561 813 1608 XIII.
841 1580 849 1609 :
887 1568 915 1586 ‘⁶
933 1560 1055 1608 Noli
1081 1577 1188 1608 esse
1213 1561 1419 1608 humilis
1445 1561 1497 1608 in
1523 1560 1786 1625 sapientia,

195 1645 258 1675 ne
294 1629 592 1677 humiliatus
616 1629 668 1675 in
701 1627 977 1675 stultitiam
1008 1627 1306 1676 seducaris.''
1376 1628 1561 1692 Neque
1593 1628 1789 1677 debetis

194 1696 377 1745 timere
408 1695 696 1761 potentiam
729 1695 1038 1751 iuristarum,
1075 1695 1214 1759 quod
1251 1695 1441 1743 faciant
1479 1696 1622 1744 vobis
1659 1695 1789 1759 peri-

195 1763 370 1811 culum
418 1763 654 1828 corporis,
703 1763 825 1825 quia
871 1763 1068 1811 debetis
1115 1762 1238 1811 talia
1278 1762 1386 1827 pati
1446 1779 1537 1826 pro
1584 1763 1684 1810 fide
1737 1770 1790 1811 et

195 1830 422 1878 veritate.
496 1830 654 1879 Unde
680 1829 914 1878 Christus
933 1829 1059 1877 dicit
1083 1829 1133 1878 in
1154 1829 1421 1894 evangelio
1446 1831 1579 1878 Mat.
1602 1831 1758 1878 XVI.
1780 1848 1789 1878 :

196 1905 224 1923 ‘⁶
243 1897 350 1953 Qui
397 1897 615 1946 voluerit
671 1897 897 1945 animam
945 1914 1090 1945 suam
1139 1897 1331 1945 salvam
1379 1898 1559 1955 facere,
1610 1898 1788 1962 perdet

195 1966 359 2013 eum.’⁷
432 1965 506 2013 Et
547 1965 587 2013 si
627 1964 823 2013 timetis
859 1964 999 2029 quod
1035 1981 1139 2012 non
1174 1965 1390 2040 potestis
1423 1982 1543 2013 eum
1569 1965 1788 2020 vincere,

192 2038 318 2080 tunc
360 2049 464 2081 non
501 2031 703 2080 creditis
745 2032 1027 2096 evangelio,
1067 2032 1187 2096 quia
1222 2032 1318 2080 ista
1353 2038 1432 2080 est
1468 2049 1617 2080 causa
1653 2032 1785 2081 fidei.

194 2098 270 2148 Et
294 2099 543 2175 scriptum
568 2106 646 2148 est
671 2100 722 2146 in
748 2099 1031 2164 evangelio,
1057 2100 1196 2162 quod
1222 2099 1348 2147 nihil
1373 2106 1450 2148 est
1475 2099 1788 2164 impossibile

194 2166 390 2215 homini
421 2167 507 2231 qui
538 2166 728 2215 credit:
766 2167 886 2231 quia
914 2166 1123 2231 ponitur
1148 2168 1279 2214 Mat.
1309 2167 1511 2214 XVIII
1540 2167 1788 2230 [XVII]:

193 2241 222 2259 ‘⁶
212 2234 295 2281 S‘i
320 2234 597 2282 habueritis
622 2234 777 2281 fidem
803 2234 935 2282 sicut
957 2250 1176 2298 granum
1197 2233 1399 2298 sinapis,
1418 2233 1598 2281 dicetis
1622 2234 1788 2282 monti

193 2302 309 2349 huic
344 2302 533 2350 ‘transi
566 2302 716 2358 hinc‚’
740 2307 793 2349 et
828 2301 1082 2357 transibit,
1110 2308 1162 2349 et
1195 2301 1322 2348 nihil
1354 2301 1448 2349 erit
1480 2301 1790 2366 impossibile

194 2368 381 2417 vobis.”
463 2369 565 2417 Sed
606 2386 711 2417 non
753 2375 829 2417 est
866 2369 1102 2433 possibile
1138 2369 1278 2432 quod
1314 2369 1495 2416 doctor
1531 2369 1788 2417 Reuchlin

191 2442 365 2500 potest
401 2452 580 2484 verum
616 2436 848 2491 scribere,
885 2436 1004 2500 quia
1040 2452 1143 2483 non
1180 2435 1336 2484 habet
1378 2436 1535 2484 fidem
1576 2436 1788 2500 integre,

191 2503 310 2566 quia
356 2503 585 2552 defendit
635 2504 856 2551 Iudaeos
902 2504 990 2567 qui
1033 2510 1154 2551 sunt
1196 2502 1366 2550 hostes
1407 2503 1555 2558 fidei;
1614 2509 1667 2550 et
1713 2509 1789 2550 est

191 2577 369 2619 contra
405 2571 669 2635 opiniones
705 2570 1011 2626 doctorum3
1049 2577 1099 2619 et
1137 2587 1255 2617 cum
1291 2569 1388 2618 hoc
1424 2576 1501 2618 est
1536 2576 1786 2634 peccator,

192 2637 322 2686 sicut
356 2638 528 2686 scribit
560 2637 803 2703 magister
839 2639 1057 2686 Ioannes
1091 2637 1415 2685 Pfefferkorn
1447 2636 1499 2684 in
1538 2653 1630 2684 suo
1661 2636 1789 2683 libro

192 2706 280 2768 qui
322 2705 509 2753 dicitur
557 2705 902 2770 Sturmglock.
978 2705 1079 2752 Sed
1126 2711 1417 2770 peccatores
1459 2720 1561 2751 non
1599 2703 1790 2751 debent

192 2771 384 2835 aliquid
419 2773 603 2821 habere
640 2790 789 2837 agere
824 2773 876 2821 in
913 2772 1163 2837 scriptura
1204 2788 1356 2826 sacra,
1393 2771 1514 2833 quia
1554 2771 1789 2819 scribitur

194 2838 401 2887 Psalmo
427 2840 640 2888 XLIX.
662 2858 671 2888 ε
712 2848 739 2867 “
758 2839 1026 2888 Peccatori
1044 2845 1219 2886 autem
1239 2837 1370 2885 dixit
1396 2838 1520 2885 deus
1542 2857 1549 2885 :
1582 2845 1592 2863 ⁶
1611 2838 1786 2895 Quare

191 2912 251 2952 tu
298 2921 498 2954 enarras
544 2907 763 2955 iustitias
829 2923 982 2962 meaS‚
1032 2912 1084 2954 et
1143 2904 1356 2952 assumis
1414 2911 1788 2953 testamentum

238 3004 250 3023 ⁹
285 3008 404 3040 Vexat.
420 3018 432 3041 .·
449 3007 496 3041 Is.
514 3008 637 3041 xxviii.
663 3008 716 3042 19.
1024 3006 1066 3040 of
1088 3006 1205 3046 Latin,
1231 3006 1304 3038 and
1330 3009 1396 3038 not
1421 3017 1442 3038 a
1466 3006 1657 3050 graduate.
1709 3006 1789 3041 The

240 3051 266 3071 ²⁵
292 3055 454 3089 Eoo-lus„-
490 3054 594 3095 xiii.;
623 3066 644 3087 a
673 3058 756 3099 part
781 3055 823 3089 of
844 3066 877 3089 v.
905 3056 952 3095 8;
1023 3053 1249 3095 Sturmylvvlc,
1275 3064 1295 3084 a
1326 3051 1466 3086 violent
1498 3053 1622 3087 attack
1653 3064 1701 3087 on
1728 3053 1787 3095 R.‚

193 3100 354 3145 wanting
372 3100 409 3134 iu
426 3100 491 3134 the
508 3100 630 3135 Greek
648 3102 721 3135 and
739 3101 802 3135 the
820 3101 912 3135 AN.
1023 3098 1226 3143 osteusibly
1257 3098 1302 3143 by
1334 3098 1389 3142 P„
1420 3100 1601 3145 appeared
1630 3101 1788 3135 towards

239 3146 265 3165 ⁴¹
290 3158 378 3190 may.
393 3159 404 3181 .·
423 3146 577 3181 ironica]
596 3158 604 3189 3
633 3147 669 3182 P.
690 3159 761 3182 was
778 3149 954 3192 ignorant
1022 3146 1086 3180 the
1104 3146 1176 3180 end
1195 3145 1237 3179 of
1253 3146 1351 3180 1514.

963 3207 1027 3253 77

1826 574 1864 603 10

1826 909 1864 938 15

1824 1243 1861 1272 20

1824 1578 1863 1608 25

1824 1912 1862 1941 30

1824 2256 1862 2285 35

1825 2589 1861 2618 40

1823 2922 1861 2952 45
