2247 3637
408 400 464 429 150

404 733 462 763 155

405 1115 462 1145 160

404 1500 461 1530 165

427 2724 465 2754 10

500 202 972 258 EPISTOLAE
1033 202 1625 260 OBSCURORUM
1681 201 2091 258 VIRORUM

632 312 1033 360 habitationibus
1066 313 1251 361 nostris
1284 311 1679 361 extraordinarie
1711 328 1815 359 non
1847 313 2093 360 habemus

632 379 797 426 multa
844 380 1123 436 comedere,
1171 380 1310 443 quod
1356 380 1511 427 etiam
1554 395 1656 425 non
1703 385 1835 426 esset
1882 379 2091 436 bonum,

631 445 751 494 alias
793 446 930 495 enim
972 447 1220 512 suppositi
1267 446 1426 494 nostri
1474 461 1578 493 non
1625 446 1892 494 studerent
1939 463 2094 510 quare

632 529 726 576 ego
775 514 947 578 scripsi
1003 515 1066 561 ad
1121 513 1461 561 habitationes
1509 512 1742 560 omnium
1799 512 1911 560 illos
1963 513 2092 561 duos

631 597 834 628 versus:

876 664 1030 712 Regula
1051 663 1218 700 bursalis
1275 667 1337 699 est
1357 665 1466 699 omni
1488 667 1671 712 tempore
1692 663 1807 699 talis:

931 718 1099 754 prandia
1121 717 1182 754 fer
1201 722 1350 760 tecum,
1406 718 1437 752 si
1459 719 1516 753 vis
1536 716 1749 754 comedere
1770 729 1942 754 mecum.

733 824 882 871 “Sed
928 824 1024 871 hoc
1072 824 1137 871 sit
1185 824 1318 879 satis,
1364 823 1546 871 videtis
1589 823 1727 887 quod
1774 823 1930 871 etiam
1978 840 2091 871 sum

629 898 797 956 poeta,
841 908 904 938 ne
946 891 1119 938 videar
1166 891 1463 955 superfluus
1553 890 1756 937 Datum
1798 891 1985 955 raptim
2028 908 2091 939 ex

631 959 827 1022 Lipsig‚
871 958 964 1005 sub
1013 957 1182 1005 blauio
1226 959 1379 1013 caelo,
1422 963 1475 1005 et
1522 957 1688 1004 valete
1737 974 1855 1005 cum
1904 959 2093 1006 amasia

632 1032 798 1074 vestra
844 1025 1026 1072 laetius
1068 1041 1223 1088 quam
1266 1025 1371 1089 apis
1414 1025 1464 1071 in
1505 1024 1688 1088 thymo
1730 1025 1811 1072 vel
1851 1024 2000 1089 piscis
2041 1025 2092 1073 in

631 1091 793 1140 undis.
868 1092 1050 1139 Valete
1075 1092 1242 1140 adhuc
1268 1092 1472 1140 semel.”

597 1210 751 1258 Nunc
793 1210 978 1266 videte,
1021 1210 1228 1258 domine
1270 1210 1522 1274 Magister
1565 1210 1798 1265 Ortvine,
1843 1210 1882 1257 si
1924 1210 2092 1274 placet

495 1278 638 1325 vobis
696 1277 781 1325 illa
837 1277 1066 1342 epistola,
1114 1284 1240 1325 tunc
1296 1278 1413 1324 volo
1470 1277 1613 1325 vobis
1665 1277 1871 1326 mittere
1918 1284 2091 1325 totum

494 1345 681 1393 librum
707 1345 933 1408 plenum,
960 1345 1080 1408 quia
1105 1351 1224 1392 sunt
1250 1344 1397 1392 valde
1422 1345 1583 1392 bonae
1609 1345 1891 1393 Secundum
1917 1361 2092 1392 meum

495 1411 661 1460 debile
696 1412 994 1476 ingenium:
1036 1412 1157 1459 alias
1193 1411 1319 1459 nihil
1359 1411 1521 1475 magis
1563 1428 1772 1475 possum
1809 1411 1952 1459 vobis
1990 1412 2091 1459 iam

496 1477 723 1527 scribere.
800 1478 983 1527 Valete
1011 1479 1064 1526 in
1089 1496 1149 1527 eo
1183 1480 1271 1543 qui
1306 1485 1492 1526 cuncta
1526 1480 1729 1527 creavit.
1802 1479 2006 1526 Datum
2040 1479 2092 1527 in

495 1545 814 1602 Eberburck‚
841 1546 927 1593 ubi
953 1546 1107 1594 velim
1133 1547 1271 1610 quod
1300 1546 1475 1594 essetis
1500 1563 1720 1602 mecum,
1747 1546 1828 1593 vel
1861 1547 2093 1595 diabolus

496 1614 778 1661 confundat
804 1630 898 1661 me.
975 1613 1132 1660 Sexta
1157 1613 1279 1661 feria
1304 1613 1432 1660 infra
1455 1613 1640 1677 pasche
1665 1620 1717 1661 et
1741 1614 2090 1678 penthecoste.

1214 1897 1374 1944 XLV

496 2033 559 2081 ΕΙΣ
618 2031 1062 2079 ARNOLDUS
1125 2032 1242 2078 DE
1311 2032 1345 2078 'l
1351 2031 1423 2077 'H
1436 2030 1658 2079 UNGA
1668 2031 1801 2078 RIS
1858 2031 2094 2095 magister

664 2105 858 2213 wgo-§tago
875 2099 928 2146 in
968 2115 1115 2147 Sacra
1140 2098 1343 2163 pagina
1381 2098 1431 2146 S.
1470 2098 1537 2146 D.
1576 2098 1838 2161 DIagistro
1879 2098 2093 2147 Ortvz'no

691 2182 783 2212 rra

612 2299 712 2346 EN
719 2299 1079 2346 ERABILIS
1114 2300 1321 2347 domine
1351 2299 1607 2363 l‘nagister.
1669 2299 1786 2363 Ego
1812 2316 1968 2346 vexor
1992 2298 2091 2346 iam

646 2383 797 2430 supra
831 2366 1184 2414 vexationem:
1221 2383 1359 2413 nunc
1396 2366 1626 2430 intelligo
1662 2365 1788 2412 illud
1821 2366 2092 2413 dicterium

497 2440 765 2498 poetarum
802 2450 909 2481 esse
945 2449 1153 2481 verum:
1198 2433 1461 2481 “Nullum
1504 2434 1751 2480 damnum
1793 2433 2003 2488 solum‚'’
2040 2439 2093 2480 et

498 2502 594 2549 hoc
624 2501 741 2549 volo
775 2500 843 2547 sic
876 2499 1100 2564 probare.
1173 2499 1290 2563 Ego
1320 2501 1420 2547 iam
1451 2517 1564 2548 sum
1595 2499 1840 2554 infirmus,
1865 2506 1918 2547 et
1943 2516 2093 2563 supra

496 2568 636 2616 illam
683 2567 1031 2615 infirmitatem
1081 2567 1221 2614 venit
1267 2567 1391 2613 mihi
1440 2567 1536 2613 alia
1588 2567 1792 2613 vexatio
1851 2567 2090 2621 maxima,

498 2651 629 2699 quae
677 2641 752 2684 est
798 2635 927 2682 talis,
1015 2635 1245 2682 Currunt
1291 2633 1476 2681 cotidie
1523 2634 1585 2680 ad
1633 2650 1716 2680 me
1763 2633 1992 2681 homines
2040 2640 2093 2682 et

499 2702 654 2750 etiam
692 2701 919 2750 scribunt
955 2702 1019 2749 ad
1055 2717 1138 2748 me
1174 2717 1237 2748 ex
1273 2700 1479 2748 diversis
1515 2699 1800 2764 provinciis,
1839 2707 1898 2748 ut
1939 2707 2092 2749 notus

499 2786 613 2816 sum
661 2769 713 2816 in
761 2768 998 2816 omnibus
1045 2767 1335 2831 regionibus
1387 2773 1595 2831 propter
1640 2767 1887 2824 libellum,
1936 2785 2090 2832 quem

548 2886 588 2905 ¹⁵⁹
613 2890 691 2930 api-s·
702 2899 713 2922 :
752 2888 779 2905 “
792 2887 848 2921 Tu
881 2886 992 2921 letius
1032 2885 1112 2920 vale
1154 2897 1261 2930 quam
1376 2884 1388 2903 ⁵
1414 2887 1549 2920 (lictor-s
1566 2886 1586 2903 ‘⁴
1600 2886 1648 2920 Es
1662 2885 1804 2920 kommt
1819 2886 1904 2921 kein
1919 2886 2090 2932 Ungliick

501 2934 578 2978 apis
596 2935 633 2967 in
651 2935 793 2979 thymo,
811 2946 918 2979 quam
937 2935 1046 2979 piscis
1062 2934 1099 2967 in
1119 2933 1262 2967 undis.’'
1330 2931 1483 2966 allein.”

502 2983 654 3023 Epi-stole
678 2983 816 3024 Karolz',
846 2981 1035 3025 Cologne3
1072 2978 1262 3024 Quentell,

504 3028 605 3061 1498.
1378 3025 1404 3044 ¹¹
1446 3027 1618 3061 libellum:
1660 3027 1853 3061 “Articuli
1895 3028 1969 3061 sive
2011 3038 2093 3071 pro-

550 3072 563 3091 2
586 3086 654 3111 sne.
673 3074 994 3120 pay.:Theology.
1333 3074 1531 3118 positiones
1565 3074 1610 3108 de
1651 3075 1793 3109 iudaico
1828 3074 1951 3108 favore
1984 3074 2093 3107 nimis

1251 3134 1345 3176 112
