2247 3637
314 511 352 540 15

316 834 354 863 20

317 1168 355 1198 25

318 1503 356 1532 30

319 1841 358 1871 35

323 2177 361 2206 40

325 2512 362 2541 45

324 2841 363 2871 50

389 305 860 361 EPISTOLAE
923 304 1515 362 OBSCURORUM
1568 303 1978 359 VIRORUM

389 413 542 461 Italia
566 419 619 460 et
646 414 871 462 Francia.
946 414 1273 463 Colonienses
1297 420 1474 461 tamen
1502 412 1774 477 praecipue
1803 413 1980 460 colunt

391 497 478 527 vos
508 487 716 545 propter
743 481 999 546 egregiam
1036 481 1337 537 doctrinam,
1362 496 1519 543 quam
1549 479 1764 527 scribitis
1797 479 1850 526 in
1882 480 1982 528 fide

388 547 636 595 catholica
665 555 842 596 contra
877 549 1133 612 quendam
1163 549 1429 596 doctorem
1466 553 1517 594 et
1559 553 1766 611 poetam
1809 563 1980 594 saecu-

388 615 547 662 larem
597 615 882 662 Iohannem
943 616 1201 664 Reuchlin
1248 615 1322 662 Et
1368 614 1441 661 ita
1482 630 1571 661 vos
1612 613 1889 678 inspiciunt
1931 619 1983 661 et

388 681 704 729 admirantur
762 682 919 738 Quod
977 699 1286 747 quocunque
1345 680 1470 729 eatis
1518 681 1572 727 in
1618 681 1803 745 platea,
1852 687 1980 727 tunc

391 755 680 796 monstrant
716 766 835 797 cum
872 748 1044 813 digitis
1082 766 1231 814 super
1266 765 1371 803 vos,
1398 748 1616 795 dicendo
1642 755 1670 774 ‘⁶
1691 747 1771 795 hic
1797 754 1874 805 est
1905 748 1978 794 M.

393 815 641 864 Ortvinus
666 816 753 879 qui
790 817 860 863 ita
893 823 1046 864 vexat
1081 817 1302 881 poetas.''
1375 815 1542 863 Credo
1568 815 1606 862 si
1632 814 1818 862 scirent
1842 815 1982 878 quod

391 883 567 931 essetis
624 883 908 931 avunculus
967 900 1125 940 meus,
1177 890 1304 931 tunc
1364 881 1525 946 magis
1585 882 1680 929 hoc
1737 882 1979 930 facerent.

395 950 528 997 Nam
565 966 662 1013 ego
698 950 777 997 hic
814 966 927 997 sum
963 951 1119 998 etiam
1149 966 1365 1015 magnae
1397 948 1718 1005 famositatis,
1743 948 1816 996 Et
1842 965 1981 997 exei-

392 1033 481 1064 ceo
528 1024 692 1064 artem
752 1033 918 1064 meam
977 1018 1029 1065 in
1087 1017 1313 1065 maxima
1358 1016 1534 1081 populi
1580 1016 1882 1079 frequentia,
1932 1022 1983 1064 et

391 1084 622 1131 homines
656 1083 853 1131 faciunt
889 1083 1014 1132 mihi
1049 1085 1270 1132 eundem
1308 1084 1570 1138 honorem,
1601 1090 1653 1131 et
1681 1084 1889 1158 quando
1923 1100 1983 1131 eo

391 1151 443 1198 in
467 1150 663 1214 plateis,
690 1150 845 1197 etiam
876 1158 1165 1199 monstrant
1200 1168 1315 1199 cum
1354 1150 1527 1215 digitis
1554 1166 1704 1214 super
1728 1167 1826 1206 me,
1853 1149 1984 1198 sicut

390 1217 587 1265 faciunt
613 1217 664 1264 in
691 1217 907 1265 Colonia
946 1234 1095 1283 super
1130 1235 1233 1266 vos.
1309 1220 1481 1275 Quare
1512 1234 1608 1281 ego
1633 1217 1781 1265 valde
1806 1217 1981 1272 laetor,

390 1283 528 1347 quod
563 1284 794 1332 homines
829 1292 1032 1333 servant
1067 1286 1257 1350 aliquid
1292 1285 1355 1333 de
1391 1285 1534 1333 vobis
1560 1291 1611 1332 et
1636 1301 1733 1332 me.
1805 1284 1984 1332 Audio

391 1351 549 1399 etiam
575 1351 698 1398 alios
725 1351 856 1400 viros
892 1368 1000 1400 esse
1034 1352 1082 1399 in
1129 1352 1343 1400 Colonia
1379 1353 1467 1416 qui
1493 1358 1613 1399 sunt
1637 1351 1792 1399 vestri
1817 1352 1982 1406 amici,

392 1424 443 1465 et
468 1417 624 1465 etiam
651 1418 916 1466 vobiscum
941 1419 1171 1468 scribunt
1196 1426 1373 1467 contra
1389 1420 1676 1468 Doctorem
1697 1418 1982 1467 Reuchlin:

391 1485 628 1533 videlicet
668 1486 916 1534 Iacobum
952 1487 1015 1534 de
1050 1487 1152 1533 alta
1187 1488 1358 1552 platea
1389 1486 1761 1534 haereticorum
1798 1486 1983 1550 magis-

391 1560 547 1608 trum,
591 1559 644 1600 et
679 1554 983 1617 magistrum
1019 1554 1313 1601 Arnoldum
1349 1554 1414 1601 de
1450 1553 1678 1617 Tungari
1717 1560 1984 1617 regentem

391 1621 443 1667 in
469 1620 620 1667 bursa
655 1620 816 1667 sancti
851 1620 1132 1669 Laurentii.
1204 1621 1277 1669 Et
1313 1638 1490 1669 omnes
1515 1621 1746 1669 homines
1771 1619 1986 1668 credunt

393 1686 532 1750 quod
558 1703 647 1734 vos
676 1693 777 1734 tres
806 1687 925 1736 estis
954 1704 1071 1736 vere
1103 1687 1376 1736 illuminati
1413 1688 1464 1736 in
1493 1688 1593 1736 fide
1619 1688 1884 1743 catholica,
1911 1687 1985 1735 Et

392 1760 595 1802 servant
615 1771 705 1801 vos
720 1760 969 1818 tanquam
984 1755 1081 1803 tria
1099 1772 1287 1820 magna
1303 1756 1604 1803 candelabra
1619 1756 1723 1803 sive
1738 1755 1982 1803 lucernas.

393 1821 468 1868 Et
503 1820 659 1884 aliqui
695 1821 893 1870 addunt
929 1829 1173 1886 quartum
1205 1824 1349 1871 velut
1378 1840 1535 1871 unam
1563 1822 1855 1886 lampadem
1880 1821 1985 1870 sive

392 1888 617 1952 pendens
658 1888 832 1936 lumen
875 1890 1014 1953 quod
1053 1906 1156 1938 non
1197 1896 1305 1937 tam
1350 1889 1480 1938 clare
1516 1889 1765 1954 splendet,
1791 1890 1986 1938 scilicet

393 1955 662 2003 dominum
707 1956 992 2004 Iohannem
1034 1957 1372 2005 Pfefferkorn.
1445 1956 1562 2021 Ego
1610 1958 1760 2004 credo
1808 1957 1847 2005 si
1895 1973 1985 2004 vos

393 2022 548 2085 qtuor
572 2039 689 2069 cum
715 2029 883 2071 vestra
907 2025 1132 2081 scientia,
1160 2024 1419 2072 mediante
1447 2024 1567 2072 forti
1595 2023 1712 2088 palo
1736 2024 1788 2071 in
1813 2023 1985 2087 aliquo

395 2089 596 2136 excelso
629 2089 740 2137 loco
777 2091 1034 2139 aridorum
1071 2092 1329 2156 lignorum
1365 2091 1599 2154 congerie
1635 2091 1985 2146 exaedificato,

395 2156 571 2204 essetis
631 2157 872 2221 colligati,
920 2166 1092 2222 posset
1151 2158 1326 2207 statim
1385 2174 1549 2206 unum
1597 2174 1847 2222 magnum
1895 2158 1985 2204 lux

395 2223 575 2271 mundi
600 2223 721 2279 fieri,
748 2224 822 2272 Et
858 2226 1014 2273 etiam
1052 2226 1233 2274 clarius
1263 2242 1418 2290 quam
1447 2225 1548 2273 fuit
1571 2225 1698 2272 illud
1723 2225 1775 2272 in
1802 2226 1981 2273 Berna.

398 2290 499 2337 Sed
558 2291 696 2347 haec,
746 2291 1034 2341 charissime
1082 2293 1348 2349 avuncule,
1398 2292 1663 2341 vobiscum
1710 2309 1802 2356 pro
1848 2308 1986 2339 nunc

395 2357 546 2405 iocor.
621 2358 780 2422 Spero
822 2366 997 2407 tamen
1035 2359 1201 2407 Extra
1242 2360 1411 2408 iocum
1448 2359 1684 2407 futurum
1720 2359 1860 2423 quod
1897 2376 1987 2407 vos

395 2430 642 2488 quattuor
671 2424 808 2472 eritis
840 2426 930 2473 lux
960 2427 1141 2474 mundi
1174 2427 1310 2476 fieri:
1348 2427 1486 2474 Nam
1515 2443 1619 2474 non
1644 2433 1722 2474 est
1746 2425 1985 2490 possibile

397 2498 456 2539 ut
492 2492 577 2539 illa
612 2508 800 2557 magna
835 2493 1047 2540 scientia
1081 2511 1180 2557 que
1216 2501 1294 2542 est
1331 2495 1381 2541 in
1419 2494 1576 2549 vobiS,
1603 2494 1811 2541 deberet
1841 2493 1987 2540 sicin

397 2558 598 2606 merdro
634 2576 838 2607 manere
872 2559 1047 2608 iacere.
1118 2560 1215 2607 Est
1254 2561 1380 2609 mihi
1421 2561 1577 2608 etiam
1612 2560 1811 2608 dictum
1847 2560 1987 2623 quod

396 2642 559 2690 nuper
600 2626 830 2674 voluistis
867 2643 1023 2674 unam
1059 2628 1324 2691 antiquam
1362 2628 1606 2683 vetulam,
1643 2644 1773 2691 quae
1809 2627 1987 2674 vendit

397 2693 563 2740 multa
590 2694 721 2741 vitra
754 2693 883 2741 circa
910 2693 1110 2741 fontem
1146 2694 1406 2749 Coloniae,
1432 2694 1483 2741 in
1508 2700 1660 2742 nocte
1685 2710 1985 2758 supponere,

396 2766 448 2807 et
489 2760 599 2824 ipsa
640 2761 881 2808 clamavit
919 2767 971 2808 et
1013 2760 1243 2808 homines
1283 2761 1522 2809 viderunt
1560 2777 1677 2808 cum
1709 2760 1987 2809 luminibus

395 2833 542 2874 extra
576 2828 791 2875 domum
832 2835 883 2876 et
920 2827 1158 2875 viderunt
1191 2843 1308 2876 vos:
1344 2843 1433 2891 per
1479 2828 1650 2884 deum,
1698 2844 1793 2892 ego
1839 2827 1987 2875 valde

395 2893 549 2941 laudo
583 2900 692 2942 tam
730 2896 863 2942 bona
903 2895 1038 2942 facta
1075 2900 1243 2942 vestra
1277 2911 1407 2958 quae
1442 2895 1703 2957 pertinent
1728 2895 1900 2942 omnia
1923 2895 1987 2942 ad

396 2977 571 3008 meum
610 2962 910 3010 artificium:
947 2968 999 3010 et
1038 2961 1133 3008 hoc
1173 2961 1322 3009 decet
1363 2961 1518 3009 etiam
1554 2978 1644 3009 vos
1679 2962 1984 3026 TheologOS.

397 3028 557 3075 Venit
614 3045 778 3093 nuper
833 3029 933 3077 huc
990 3029 1127 3076 fama
1184 3029 1322 3091 quod
1381 3035 1513 3076 esset
1557 3045 1691 3076 unus
1737 3035 1889 3093 poeta
1935 3029 1988 3076 in

401 3094 629 3151 Colonia,
671 3096 766 3144 Ille
815 3096 949 3144 solus
996 3102 1195 3143 teneret
1221 3111 1310 3142 vos
1352 3112 1442 3159 pro
1485 3096 1646 3144 stulto
1688 3102 1741 3144 et
1782 3101 1987 3143 vocaret

772 3184 799 3203 ‘¹
831 3187 945 3219 Berua
958 3197 970 3219 .·
995 3184 1059 3219 the
1077 3184 1159 3218 four
1177 3183 1417 3226 heresim-elis,
1438 3185 1474 3217 i11
1496 3184 1594 3219 1509.

1155 3244 1250 3286 262
