2247 3637
265 243 319 284 11.
341 246 410 295 40]
680 229 1120 289 IOHANNES
1174 228 1457 286 CRAPP

265 340 576 405 Theologiae
601 339 924 389 Licentiatus
952 336 1247 403 propediem
1285 333 1856 399 MagisternostranduS.
1894 351 1933 381 30

268 408 372 473 Ipsi
415 408 608 456 habent
649 407 729 454 hic
771 422 919 471 agere
960 412 1062 453 tres
1110 404 1301 451 Causas
1349 401 1615 450 notabiles
1706 401 1859 449 Unus

265 475 457 524 seilicet
506 474 755 538 Magister
801 479 974 521 noster
1023 471 1239 519 Iacobus
1286 469 1441 517 habet
1488 483 1693 517 causam
1741 467 1859 515 fidei

266 549 444 590 eontra
487 541 560 590 Io.
604 540 860 589 Reuchlin
902 539 991 604 qui
1026 537 1213 586 dicitur
1250 553 1357 585 esse
1399 535 1695 584 haereticus
1786 534 1860 583 Et

266 609 408 657 bene.
495 609 594 656 Est
640 607 845 656 etenim.
937 605 1203 655 Secundus
1250 604 1404 652 habet
1454 603 1674 651 Causam
1723 618 1858 650 com—

265 676 540 740 petentiae,
602 674 796 723 scilicet
854 675 928 722 M.
982 689 1031 721 n.
1089 673 1276 720 Petrus
1339 676 1516 718 eontra
1573 668 1861 717 Canonieos

266 742 749 790 Franckfordienses
773 741 862 805 qui
887 757 990 789 non
1015 739 1196 788 volunt
1221 739 1266 787 ei
1294 737 1413 786 dare
1441 736 1859 801 Competentiam

265 826 441 857 suam:
500 816 553 857 et
601 825 721 873 ergo
768 807 910 857 venit
957 807 1057 855 hue
1099 806 1152 854 in
1200 805 1410 854 Curiam
1467 803 1716 852 tribulans
1774 818 1861 851 eos

264 875 570 925 terribiliter.
666 875 871 924 Tertius
919 874 1111 923 seilicet
1157 872 1396 921 dominus
1455 872 1647 935 Caspar
1704 869 1862 918 habet

265 959 471 991 causam
508 942 633 991 sacri
668 942 766 991 olei
796 948 974 991 eontra
1008 941 1258 1006 quosdam
1290 938 1575 988 Monaehos
1604 937 1693 1003 qui
1725 937 1862 985 habi-

263 1016 379 1059 tant
421 1017 566 1059 extra
606 1026 779 1057 muros
824 1009 1103 1074 Kempten‚
1136 1014 1190 1056 et
1225 1007 1417 1055 habent
1453 1021 1652 1054 sacrum
1688 1004 1860 1053 oleum

263 1077 316 1125 in
346 1077 694 1126 Monasterio:
732 1083 786 1126 et
817 1076 1023 1141 quando
1055 1075 1287 1124 homines
1316 1074 1507 1123 debent
1536 1072 1705 1128 oleari,
1734 1078 1861 1120 tunc

263 1161 368 1192 non
403 1144 623 1193 habetur
658 1161 856 1192 sacrum
893 1143 1079 1191 oleum.
1152 1143 1226 1190 Et
1262 1158 1384 1206 ergo
1419 1140 1677 1206 praefatus
1705 1139 1859 1188 lieen-

261 1212 423 1260 tiatus
471 1211 584 1260 vult
631 1212 766 1276 ipsos
814 1210 1101 1258 Monachos
1148 1209 1426 1258 rectificare
1473 1207 1613 1272 quod
1671 1207 1864 1255 debent

263 1295 461 1327 sacrum
509 1279 683 1328 oleum
724 1278 776 1326 in
824 1277 1048 1326 Civitate
1096 1276 1392 1341 permittere
1449 1292 1540 1340 pro
1599 1273 1862 1323 communi

264 1347 428 1395 salute
474 1345 760 1394 hominum.
856 1345 978 1393 Alia
1024 1361 1158 1392 nova
1204 1360 1309 1392 non
1356 1342 1532 1391 habeo.
1624 1341 1725 1390 Sed
1772 1357 1862 1389 vos

263 1413 421 1462 etiam
457 1413 584 1461 nihil
619 1411 835 1462 scribitis
871 1411 1011 1460 mihi.
1083 1411 1296 1474 [Nescio
1332 1410 1563 1475 profecto
1600 1409 1862 1473 quomodo

262 1480 492 1529 demerui
517 1481 580 1529 de
604 1479 886 1529 reverentia
910 1479 1117 1543 vestra.]

264 1601 514 1638 Commendo
535 1614 602 1638 vos
622 1600 787 1637 domino
807 1599 898 1646 deo,
955 1601 1023 1648 qui
1044 1610 1114 1635 vos
1134 1597 1337 1634 custodiat
1357 1596 1466 1648 quod
1493 1598 1588 1634 estis
1617 1596 1731 1633 fortis
1761 1599 1864 1633 sicut

374 1655 470 1702 Leo,

266 1708 440 1746 Pulcher
459 1712 563 1746 sicut
582 1707 777 1755 Absolon,
835 1706 1018 1744 Prudens
1038 1708 1142 1743 sicut
1162 1704 1364 1749 Salomon,

264 1763 391 1800 Dives
411 1766 516 1800 sicut
535 1763 728 1808 Asuerus,
788 1760 1000 1799 Poeticalis
1021 1762 1125 1797 sicut
1147 1759 1364 1803 Homerus,

264 1817 319 1854 Et
338 1822 499 1854 sanctus
520 1819 625 1854 sieut
646 1815 849 1853 Iohannes
871 1814 1067 1865 Baptista.
1127 1813 1327 1850 Moriatur
1348 1811 1548 1850 Reuchlin
1571 1812 1729 1858 Iurista,

264 1871 352 1908 Nec
372 1884 452 1908 non
475 1875 622 1921 poetae
642 1870 879 1915 saeculares,
936 1871 1003 1919 qui
1023 1868 1157 1905 adhuc
1177 1872 1343 1918 possent
1364 1879 1451 1905 esse
1473 1869 1596 1904 vestri
1616 1866 1826 1904 scholares

263 1979 401 2029 Ecce
425 1995 529 2028 non
550 1978 690 2028 volui
713 1978 879 2027 faeere
905 1976 1148 2025 Carmina
1172 1982 1226 2025 et
1247 1982 1426 2024 tamen
1443 1974 1557 2030 feci,
1584 1975 1672 2023 sed
1696 1974 1866 2023 nescio

262 2047 484 2112 qualiter
516 2045 659 2095 venit
691 2045 831 2110 quod
866 2044 977 2094 feci.
1050 2044 1193 2093 Laus
1228 2043 1339 2091 deo.
1413 2042 1612 2091 Valete.
1686 2042 1760 2090 Et
1796 2040 1864 2090 sie

262 2121 341 2163 est
375 2114 505 2162 finis.
578 2114 746 2162 Telos
820 2113 1010 2161 Amen.
1085 2111 1584 2175 Tetragrammaton.
1658 2110 1866 2158 Datum

263 2181 533 2230 Romanae
559 2180 757 2229 Curiae.

310 2312 338 2332 ³⁸
357 2316 499 2357 C'aspar.
542 2314 716 2360 Backing
733 2318 863 2360 quotes
879 2326 901 2348 a
917 2313 1031 2348 letter
1099 2313 1245 2347 written
1280 2312 1368 2346 with
1403 2311 1486 2346 four
1521 2310 1679 2346 Hebrew
1711 2310 1866 2345 letters:

262 2362 358 2396 from
376 2360 586 2396 Adelmann
604 2366 644 2396 to
659 2361 924 2404 Pirckheimer,
940 2360 1029 2396 Dec.
1100 2362 1126 2377 ‘⁶
1145 2360 1489 2405 Tetragrammatou
1507 2357 1544 2392 id
1563 2363 1618 2393 est
1635 2362 1793 2403 quatuor
1804 2357 1867 2392 lit—

266 2410 321 2452 19,
338 2409 501 2452 1517‚on
518 2408 594 2442 this
613 2408 784 2443 “absurd
803 2407 875 2442 and
894 2408 1031 2443 detest-
1099 2412 1263 2442 terarum
1300 2434 1308 2442 .
1348 2433 1356 2442 .
1394 2432 1402 2442 .
1452 2406 1550 2440 Istae
1578 2410 1667 2440 sunt
1692 2404 1865 2440 litterae:

260 2455 345 2491 able
385 2454 541 2501 brangle
582 2455 745 2491 between
787 2455 920 2489 monks
956 2455 1029 2489 and
1099 2455 1198 2498 loth,
1230 2453 1292 2497 he,
1327 2465 1410 2497 vau,
1438 2452 1540 2487 heth.
1605 2452 1705 2494 loth,
1740 2452 1776 2486 id
1810 2457 1867 2486 est

262 2503 481 2548 burghers‚”
506 2504 544 2537 in
563 2502 682 2537 which
700 2514 802 2538 more
822 2502 913 2537 than
937 2505 1030 2537 3000
1100 2502 1338 2548 principium,
1358 2500 1404 2535 he
1422 2504 1460 2535 et
1480 2511 1564 2542 vau,
1583 2500 1667 2542 iste,
1681 2498 1772 2533 heth
1789 2499 1866 2533 vita

261 2549 420 2596 guldens
437 2550 509 2584 had
527 2550 621 2585 been
639 2550 786 2584 wasted.
1100 2550 1175 2584 sive
1217 2547 1718 2582 Christus.'’-—Mamotreetus
1760 2557 1866 2589 super

309 2596 337 2616 ⁴⁶
355 2599 491 2633 Nescio.
541 2597 621 2632 The
645 2597 763 2632 words
792 2597 831 2632 in
860 2595 1031 2632 brackets
1100 2598 1251 2630 Bibliam
1278 2594 1393 2639 (Prol.
1424 2606 1534 2639 super
1564 2593 1646 2627 libr.
1678 2593 1864 2638 Regum),

263 2656 357 2679 were
373 2644 491 2679 added
510 2645 548 2678 in
567 2642 642 2690 [E].
1102 2643 1230 2687 Metis,
1252 2643 1353 2677 1511.

309 2690 338 2711 ⁶⁰
357 2693 515 2736 Πίναρα
547 2692 612 2727 the
646 2703 753 2727 name
781 2690 966 2735 Jehovah5
992 2701 1031 2725 as

1028 3169 1125 3215 217

1896 684 1934 714 35

1897 1020 1935 1049 40

1898 1359 1936 1389 45

1899 1717 1938 1747 50

1901 2054 1939 2085 55
