2247 3637
244 257 295 295 11.
320 259 388 307 48]
717 245 1087 302 IOANNES
1143 245 1374 300 KALP

241 355 455 403 noldum
481 354 543 402 de
563 354 791 419 Tungari
818 359 1201 418 praeceptorem
1227 352 1699 416 singularissimum.
1766 351 1838 399 Et

247 422 442 471 Valete.
517 423 587 469 D.
619 421 820 469 Sundis.

918 622 1171 669 XLVIII

648 761 711 808 11
754 760 902 807 ΙΟΑ
916 760 1159 807 NNES
1201 758 1318 806 ΚΑ
1332 758 1446 805 LP

760 827 838 874 M.
882 827 1098 875 Ortz‘ino
1137 825 1337 874 Gratia

339 965 666 1013 ALUTEM
696 964 1029 1012 amicabilem.
1083 962 1416 1011 Honorabilis
1435 961 1658 1017 domine,
1678 961 1846 1009 Vene-

372 1032 540 1080 rabilis
566 1032 825 1095 magister,
848 1032 1030 1079 Sciatis
1055 1031 1194 1094 quod
1220 1031 1375 1078 miror
1401 1029 1563 1085 valde,
1583 1029 1847 1092 quomodo

243 1101 313 1148 sic
350 1100 565 1164 potestis
602 1116 684 1146 me
719 1099 963 1147 tribulare
988 1099 1253 1146 scribendo
1287 1096 1411 1145 mihi
1445 1113 1643 1160 semper
1668 1102 1696 1120 ‘⁶
1716 1095 1847 1143 Scri-

246 1167 377 1215 batis
403 1167 528 1215 mihi
552 1174 729 1215 tamen
755 1167 946 1230 aliquid
975 1166 1134 1213 novi.”
1207 1165 1281 1211 Et
1315 1181 1515 1228 semper
1539 1163 1696 1210 vultis
1721 1162 1846 1211 scire

243 1235 461 1290 novalia,
500 1252 619 1282 cum
651 1241 827 1281 tamen
864 1251 960 1297 ego
998 1233 1161 1280 habeo
1196 1232 1292 1279 alia
1328 1232 1392 1279 ad
1428 1232 1700 1295 agendum.
1774 1230 1849 1278 Et

244 1319 366 1366 ergo
402 1319 505 1350 non
542 1318 751 1367 possum
788 1302 1015 1349 inultum
1053 1316 1226 1348 curare
1261 1299 1326 1346 de
1361 1299 1693 1353 novitatibus,
1728 1298 1848 1360 quia

244 1375 450 1435 oportet
482 1386 564 1417 me
595 1386 794 1417 currere
831 1368 1068 1416 hincinde
1106 1373 1159 1415 et
1194 1365 1479 1421 sollicitare,
1516 1366 1555 1412 si
1591 1381 1694 1412 non
1730 1364 1848 1412 volo

245 1437 455 1502 perdere
497 1437 805 1485 sententiam
848 1442 900 1483 et
949 1435 1119 1482 venire
1166 1434 1230 1481 de
1276 1433 1523 1481 beneficio
1571 1433 1671 1480 illo.
1747 1432 1848 1480 Sed

244 1512 420 1552 tamen
448 1505 487 1552 si
514 1504 668 1552 vultis
694 1521 801 1552 esse
826 1509 1116 1557 contentUS‚
1142 1507 1269 1548 tunc
1302 1501 1459 1548 semel
1492 1500 1608 1547 volo
1634 1499 1850 1547 scribere

245 1571 405 1627 vobiS‚
448 1572 520 1619 ita
566 1571 707 1635 quod
754 1577 932 1635 postea
977 1568 1288 1633 permittatis
1335 1584 1418 1614 me
1466 1566 1518 1614 in
1564 1583 1688 1631 pace
1731 1583 1850 1614 cum

246 1639 579 1687 novitatibus.
655 1639 760 1686 Vos
794 1637 924 1685 bene
957 1635 1222 1684 audivistis
1251 1634 1472 1698 qualiter
1503 1651 1635 1698 papa
1670 1633 1850 1681 habuit

247 1723 411 1754 unum
453 1721 702 1770 magnum
744 1704 934 1753 animal
981 1704 1120 1767 quod
1168 1709 1412 1750 vocatum
1460 1701 1559 1748 fuit
1608 1701 1848 1765 Elephas.

248 1774 323 1821 Et
364 1774 546 1821 habuit
586 1773 756 1837 ipsum
799 1773 850 1820 in
892 1787 1081 1835 magno
1123 1770 1330 1826 honore,
1374 1775 1426 1818 et
1468 1769 1617 1817 valde
1658 1769 1851 1816 amavit

245 1841 386 1889 illud.
461 1840 617 1887 Nunc
654 1840 812 1904 igitur
847 1838 1045 1887 debetis
1082 1838 1208 1885 scire
1245 1837 1385 1900 quod
1418 1835 1522 1884 tale
1555 1835 1745 1884 animal
1774 1842 1852 1883 est

246 1915 527 1956 mortuum.
601 1907 675 1955 Et
717 1907 925 1971 quando
961 1905 1062 1954 fuit
1097 1905 1377 1960 infirmum,
1414 1911 1540 1952 tunc
1574 1904 1718 1967 Papa
1752 1903 1854 1950 fuit

246 1976 298 2023 in
323 1992 512 2040 magna
535 1975 757 2023 tristitia.
832 1974 905 2021 Et
931 1973 1135 2022 vocavit
1161 1971 1387 2020 medicos
1420 1971 1605 2036 plures,
1632 1977 1685 2018 et
1719 1969 1852 2018 dixit

247 2043 348 2092 eis:
399 2043 502 2090 “Si
545 2049 623 2090 est
662 2043 915 2107 possibile,
959 2047 1135 2088 sanate
1177 2039 1303 2087 mihi
1345 2038 1619 2103 Elephas.'’
1702 2038 1852 2085 Tunc

245 2110 479 2158 fecerunt
504 2126 747 2174 magnam
772 2108 1093 2173 diligentiam
1123 2114 1175 2155 et
1209 2107 1447 2154 viderunt
1482 2106 1527 2154 ei
1559 2104 1775 2162 urinam,
1801 2111 1855 2153 et

247 2178 503 2226 dederunt
542 2178 587 2224 ei
623 2193 780 2224 unam
818 2176 1182 2241 purgationem
1217 2191 1349 2238 quae
1385 2178 1588 2221 constat
1625 2172 1854 2236 quinque

249 2251 459 2293 centum
479 2260 656 2292 aureos
676 2261 685 2291 :
723 2244 809 2292 sed
828 2251 1004 2291 tamen
1023 2259 1126 2290 non
1143 2248 1425 2306 potuerunt
1446 2240 1671 2304 Elephas
1690 2239 1855 2287 facere

248 2312 508 2360 merdare:
546 2318 597 2358 et
635 2310 703 2358 sic
740 2317 818 2358 est
855 2317 1134 2358 mortuum.
1197 2309 1272 2357 Et
1302 2326 1431 2373 papa
1461 2308 1603 2355 dolet
1627 2307 1854 2354 multum

249 2396 400 2444 super
441 2378 680 2443 Elephas.
755 2377 828 2425 Et
871 2378 1051 2425 dicunt
1093 2377 1233 2440 quod
1275 2377 1418 2423 daret
1458 2375 1597 2422 mille
1637 2374 1854 2421 ducatos

248 2464 341 2512 pro
361 2446 600 2511 Elephas.
663 2446 802 2502 Quia
827 2445 928 2492 fuit
955 2444 1184 2492 mirabile
1210 2443 1399 2490 animal
1425 2442 1614 2489 habens
1638 2441 1853 2504 longum
1891 2457 1908 2485 2

297 2567 324 2586 ⁹⁰
350 2570 504 2602 Sandis:
553 2569 592 2602 in
634 2566 697 2613 [E]
737 2567 877 2612 merely
920 2567 1018 2601 “S”

987 2595 993 2602 .
1089 2578 1222 2611 proper
1252 2577 1369 2599 name.
1426 2565 1450 2582 ‘⁶
1467 2563 1641 2607 portugal
1669 2591 1675 2597 .
1703 2590 1710 2597 .
1738 2589 1744 2597 .
1772 2567 1856 2596 sent

250 2616 414 2660 Perhaps
430 2628 476 2649 an
495 2627 598 2650 error
616 2616 674 2649 for
691 2614 827 2649 Suollis
843 2614 1001 2659 (Zwoll).

1088 2625 1134 2647 an
1151 2613 1318 2658 embassy
1331 2617 1369 2646 to
1388 2613 1451 2646 the
1471 2612 1568 2656 Pope
1587 2611 1675 2653 (Leo
1694 2610 1769 2652 Ὢ),
1786 2620 1856 2644 one

694 2685 828 2719 second
878 2685 1018 2719 edition
1088 2660 1253 2694 member
1289 2661 1330 2693 of
1365 2659 1481 2693 which
1521 2670 1590 2691 was
1626 2657 1770 2691 Tristiio
1811 2657 1856 2690 da

298 2685 310 2703 ¹
328 2687 448 2728 Kalp:
498 2686 535 2718 in
580 2684 645 2719 the

253 2731 449 2774 “Kalb”;
491 2731 650 2766 suitable
690 2736 729 2765 to
769 2732 834 2766 the
875 2731 1019 2765 bucolic

251 2779 442 2813 character
467 2779 509 2812 of
529 2779 593 2813 the
621 2780 753 2813 writer.
805 2779 841 2813 It
864 2791 948 2824 may
976 2778 1019 2812 be

251 2826 428 2860 observed
469 2826 552 2859 that
591 2825 656 2860 the
696 2831 950 2870 commentary
982 2826 1023 2860 of

252 2873 414 2907 “Jehan
442 2872 475 2906 le
501 2872 634 2906 Veau”
660 2884 729 2905 was
755 2884 825 2907 one
851 2873 892 2907 of
913 2873 1020 2906 those

251 2920 399 2954 Studied
425 2919 472 2964 by
496 2919 710 2964 Gargantua
737 2920 855 2954 under
880 2920 1021 2954 Master

251 2966 371 3000 Tubal
399 2965 632 3000 Holofernes.
683 2966 868 3009 Rabelais‚
899 2969 1020 3010 Gar-q„

257 3016 283 3049 Ι.
303 3015 373 3047 xiv.

302 3082 329 3101 ¹⁴
346 3082 518 3125 Elephas:
544 3081 683 3116 Indecl.
702 3082 936 3126 throughout
955 3081 1020 3116 the

257 3131 337 3175 Ep„
373 3129 446 3162 and
486 3128 663 3174 probably
702 3130 879 3163 intended
920 3141 959 3163 as
999 3140 1020 3161 a

1091 2707 1236 2749 Cunha,
1255 2706 1364 2741 laden
1388 2706 1473 2739 with
1500 2706 1589 2750 gifts
1614 2704 1708 2737 from
1736 2703 1855 2746 India,

1089 2755 1160 2788 and
1196 2754 1371 2799 bringing
1402 2766 1423 2786 a
1451 2757 1549 2786 tame
1578 2750 1754 2796 elephant
1782 2751 1856 2784 and

1089 2802 1198 2835 other
1223 2806 1372 2844 strange
1397 2798 1584 2832 animals.''
1635 2798 1692 2832 w.
1714 2796 1854 2840 Miller,

1090 2849 1285 2882 Mediam-ul
1323 2849 1441 2887 Rome,
1485 2858 1516 2891 p.
1562 2846 1642 2879 268.
1718 2845 1772 2878 Cf.
1816 2845 1855 2879 F.

1090 2895 1353 2939 Gregorovius,
1401 2893 1598 2927 ‘'v'essehiehte
1646 2894 1708 2926 det·
1756 2894 1856 2925 Stadt

1092 2944 1191 2983 Rom,
1222 2942 1323 2982 1896,
1355 2940 1420 2973 Bd.
1447 2940 1522 2973 viii.
1554 2951 1585 2983 p.
1619 2939 1697 2973 189.
1749 2939 1855 2984 Upon

1090 2989 1164 3022 this
1206 2987 1382 3033 elephant
1422 2987 1492 3020 Leo
1534 2986 1579 3020 X.
1618 2986 1749 3020 caused
1791 2986 1856 3020 the

1090 3039 1277 3080 poetaster
1295 3033 1490 3067 Boraballo
1515 3037 1553 3066 to
1579 3033 1658 3067 ride
1685 3034 1722 3066 in
1748 3032 1855 3066 mock

1090 3081 1268 3126 triumph.
1320 3081 1360 3114 P.
1388 3079 1468 3113 Van
1495 3080 1615 3124 Dyke,
1644 3084 1717 3124 Aye
1741 3081 1857 3122 Qs'tlze

1091 3130 1320 3170 Henaseenee,
1343 3128 1448 3170 1897,
1468 3139 1501 3172 p.
1520 3127 1601 3162 322.

1018 3189 1115 3230 233

1877 438 1914 467 90

1885 1449 1922 1479 10

1889 1783 1925 1813 15

1890 2122 1927 2151 20
