2247 3637
391 642 429 673 75

391 981 428 1010 8⁴]

392 1315 430 1344 85

395 1649 432 1678 90

397 1989 435 2018 95

381 2324 438 2353 100

384 2656 442 2687 105

464 177 934 235 EPISTOLAE
995 174 1585 232 OBSCURORUM
1640 171 2051 228 VIRORUM

596 286 773 333 doctos
821 284 952 332 viros
1004 299 1143 330 meos
1191 282 1439 346 aequales.
1536 280 1636 327 Sed
1689 285 1916 327 transeat
1968 279 2053 328 ille

596 368 732 399 error
774 368 891 398 cum
934 349 1124 398 ceteris.
1197 348 1425 396 Domine
1466 346 1720 399 nobilista,
1762 363 1858 410 ego
1899 345 2053 394 velim

595 419 733 482 quod
793 434 954 482 nuper
1011 417 1231 465 fuissetis
1289 416 1386 472 hic,
1433 414 1638 478 quando
1695 413 2054 461 Serenissimus

594 485 825 550 princeps
869 484 1120 532 Saxoniae
1161 482 1340 531 habuit
1382 499 1494 529 suas
1533 480 1741 544 nupcias
1784 497 1901 527 cum
1942 480 2054 544 pul-

596 553 844 600 cherrima
877 550 1190 607 corisatione,
1220 549 1306 598 ubi
1341 549 1553 596 fuerunt
1585 547 1737 595 multi
1770 545 2053 594 nobilistae.

597 619 714 683 Ego
737 619 812 666 fui
844 619 896 666 in
926 618 1023 666 illis
1056 617 1252 682 nupciis
1276 616 1457 663 missus
1490 631 1608 661 cum
1634 615 1857 662 Rectore
1881 620 2056 661 nostro

599 686 831 751 lipsensi:
868 692 929 733 ut
954 686 1082 733 solet
1109 684 1243 732 fieri:
1280 683 1368 730 ubi
1400 681 1780 747 propinavimus
1813 697 2054 744 magnam

600 754 864 800 Crateram
907 758 958 800 et
1000 751 1192 799 multos
1234 751 1450 798 florenos
1491 749 1638 803 intra,
1682 754 1734 795 et
1775 747 2055 795 mansimus

599 821 668 868 ibi
701 836 789 884 per
817 820 945 866 duos
971 819 1092 874 dies,
1118 825 1172 865 et
1201 817 1393 865 fuimus
1419 816 1566 863 valde
1590 815 1711 863 laeti
1743 821 1794 863 et
1831 814 2057 862 hilariter

599 904 691 935 nos
716 887 985 935 refecimus
1011 885 1327 933 comedendo
1360 889 1413 931 et
1445 882 1680 930 bibendo.
1753 881 1870 945 Ego
1903 881 2058 928 habui

598 971 801 1002 mecum
838 969 1000 999 unum
1034 951 1288 1000 famulum
1323 950 1410 1014 qui
1447 949 1627 998 habuit
1667 949 1791 995 duas
1828 948 1967 1004 ollas,
2006 955 2059 996 et

598 1021 681 1068 ille
708 1021 836 1068 bene
861 1018 1008 1066 scivit
1032 1018 1120 1066 ubi
1145 1034 1240 1082 ego
1265 1019 1491 1066 sederem
1516 1017 1567 1064 in
1594 1032 1784 1071 mensa,
1810 1022 1861 1063 et
1887 1016 2058 1080 posuit

599 1088 708 1134 illas
745 1087 867 1134 ollas
909 1085 1039 1133 infra
1074 1102 1340 1133 scamnum
1375 1101 1582 1132 meum:
1623 1090 1749 1131 tunc
1786 1082 2057 1130 habuimus

599 1155 777 1202 vinum
809 1154 872 1201 de
904 1152 1127 1200 meliori:
1165 1151 1300 1200 scitis
1336 1151 1466 1198 bene
1501 1151 1639 1215 quod
1676 1156 1753 1198 est
1789 1149 1944 1197 illud:
1981 1156 2059 1197 est

599 1221 736 1269 enim
762 1220 1050 1268 dulcissime
1075 1219 1239 1275 dulce,
1265 1219 1403 1282 quod
1436 1234 1531 1282 ego
1556 1224 1665 1265 tam
1697 1217 1915 1265 libenter
1939 1217 2057 1264 bibo

597 1294 657 1336 ut
681 1287 806 1335 mihi
830 1287 921 1334 fiat
944 1286 1225 1334 rotundum
1245 1292 1399 1350 caput
1423 1284 1556 1341 inde,
1576 1291 1629 1332 et
1652 1291 1769 1349 post
1787 1284 2058 1348 prandium

599 1355 736 1404 soleo
776 1360 902 1403 tunc
945 1353 1225 1401 chorisare:
1272 1359 1398 1400 tunc
1439 1352 1609 1416 accepi
1652 1358 1703 1399 et
1745 1350 1954 1416 implevi
1996 1351 2059 1397 de

600 1421 812 1483 meliori,
838 1427 891 1469 et
923 1421 1110 1469 iterum
1135 1419 1279 1486 posui
1312 1420 1443 1467 infra
1467 1436 1695 1467 mensam
1716 1436 1725 1466 :
1763 1419 1859 1466 hoc
1883 1424 2058 1466 autem

598 1489 695 1538 feci
727 1489 865 1553 quod
898 1487 1089 1552 aliquid
1122 1487 1422 1535 haberemus
1454 1486 1624 1534 bibere
1657 1486 1708 1533 in
1738 1485 1846 1533 via:
1884 1491 2060 1550 postea

600 1557 732 1604 inter
756 1555 852 1603 alia
876 1555 1040 1603 multa
1063 1554 1254 1602 fercula
1276 1553 1548 1602 habuimus
1572 1554 1766 1600 bonum
1788 1552 2060 1600 Gall-inum

603 1640 720 1671 cum
761 1623 937 1670 multis
978 1622 1178 1686 gallinis
1220 1628 1272 1669 et
1314 1621 1459 1669 bonis
1500 1620 1678 1668 rebus:
1720 1626 1846 1667 tunc
1889 1619 2060 1683 accepi

602 1691 752 1739 aliam
793 1689 947 1738 ollam
989 1696 1042 1737 et
1084 1688 1292 1752 implevi
1334 1705 1451 1736 cum
1492 1693 1604 1735 tota
1643 1687 1861 1751 gallina:
1903 1686 2059 1734 etiam

602 1759 697 1806 hoc
744 1757 839 1805 feci
890 1764 950 1804 ut
995 1756 1298 1820 magnificus
1338 1754 1575 1802 dominus
1623 1755 1818 1802 Rector
1865 1760 1915 1802 et
1964 1769 2061 1817 ego

602 1824 904 1873 haberemus
929 1823 1119 1888 aliquid
1154 1823 1418 1870 comedere
1443 1823 1494 1870 in
1520 1822 1628 1870 via:
1665 1821 1751 1869 illo
1784 1821 1853 1868 310
1886 1820 2062 1868 habito

602 1891 708 1939 dixi
734 1891 796 1938 ad
822 1907 984 1938 unum
1003 1889 1295 1938 nobilistam
1317 1908 1325 1937 :
1352 1898 1362 1915 ‘
1380 1888 1585 1937 domine
1608 1888 1860 1943 nobilista‚
1882 1894 2062 1935 vocate

603 1958 728 2006 mihi
776 1974 980 2006 servum
1027 1974 1218 2013 meum,
1261 1957 1423 2005 habeo
1466 1956 1558 2004 sibi
1605 1955 1796 2020 aliquid
1843 1955 2061 2003 dicere:’

605 2042 722 2074 cum
763 2025 847 2073 ille
888 2024 1090 2073 fecisset
1130 2030 1182 2072 et
1225 2040 1397 2072 servus
1439 2022 1594 2078 venit,
1639 2022 1776 2071 dixi:
1820 2022 2060 2076 ‘famule‚

604 2092 735 2149 veni,
771 2092 883 2140 leva
918 2091 1043 2139 mihi
1080 2091 1349 2139 cultellum
1380 2090 1519 2154 quod
1555 2089 1738 2138 cecidit
1773 2088 1898 2137 mihi
1935 2089 2064 2152 infra

605 2160 862 2208 mensam’
904 2159 1012 2219 (sed
1044 2164 1219 2207 tamen
1250 2175 1345 2223 ego
1377 2157 1595 2206 libenter
1625 2156 1737 2204 misi
1770 2156 1984 2215 cadere),
2011 2161 2063 2203 et

607 2228 676 2274 sic
717 2226 872 2290 repsit
920 2226 1049 2273 infra
1089 2242 1319 2273 mensam
1361 2231 1415 2273 et
1460 2225 1655 2288 accepit
1702 2223 1969 2272 cultellum
2012 2229 2065 2270 et

607 2294 730 2342 ollas
771 2293 900 2339 infra
941 2298 1152 2347 vestem,
1197 2299 1249 2340 et
1296 2291 1365 2340 sic
1406 2291 1672 2339 distillavit
1714 2291 1851 2354 quod
1893 2289 2064 2338 nullus

607 2376 836 2424 unquam
869 2359 1010 2407 vidit.
1086 2359 1131 2406 O
1158 2365 1335 2407 sancta
1363 2359 1645 2414 Dorothea‚
1673 2358 1712 2405 si
1744 2365 1869 2406 tunc
1895 2356 2064 2404 affuis-

607 2428 727 2476 setis
751 2426 1017 2474 nobiscum
1046 2425 1099 2472 in
1124 2425 1219 2482 via,
1246 2426 1450 2489 quando
1483 2425 1795 2490 perreximus
1821 2425 1884 2471 ad
1916 2423 2066 2487 lipsig

608 2496 810 2549 iterum,
858 2510 1012 2556 quam
1061 2492 1350 2541 iucunditer
1391 2492 1727 2540 voluissemus
1769 2491 1930 2538 vitam
1978 2490 2063 2537 ha-

609 2562 805 2610 buisse:
842 2577 936 2625 ego
970 2559 1168 2607 comedi
1205 2559 1360 2606 etiam
1394 2558 1457 2605 ad
1490 2559 1618 2606 duos
1654 2558 1759 2605 dies
1792 2564 1969 2622 postea
2001 2558 2064 2604 de

609 2630 705 2677 illis
744 2627 964 2691 reliquis,
1000 2626 1120 2690 quia
1155 2643 1257 2674 non
1293 2625 1556 2690 potuimus
1591 2631 1763 2672 totum
1801 2624 2064 2672 comedere

609 2697 661 2744 in
686 2695 794 2743 via:
831 2700 1096 2758 propterea
1119 2699 1292 2740 autem
1318 2691 1461 2739 vobis
1485 2692 1581 2739 hoc
1605 2691 1793 2756 scripsi,
1819 2692 1939 2755 quia
1963 2690 2066 2739 scio

609 2763 748 2828 quod
774 2778 863 2809 vos
888 2760 1043 2809 etiam
1075 2760 1292 2809 libenter
1316 2758 1570 2807 distillatis
1603 2775 1690 2823 per
1715 2759 1869 2806 viltru
1896 2764 1948 2806 et
1976 2775 2066 2823 per

524 2863 552 2882 ⁷³
569 2866 726 2907 nupcias.
759 2861 837 2896 The
852 2861 1020 2906 wedding
1037 2861 1079 2894 of
1093 2860 1236 2905 Henry,
1309 2861 1557 2902 Leipxiyisvlzes
1584 2860 1866 2893 Ges‹·l1i‹·l‹t.s·lmeh
1870 2886 1881 2902 ,
1909 2859 2009 2902 1714,
2028 2870 2061 2904 p.

478 2912 586 2946 Duke
615 2911 658 2945 of
681 2911 837 2954 Saxony,
863 2908 949 2942 with
977 2908 1176 2942 Catherine
1201 2907 1243 2940 of
1306 2906 1360 2939 83.

479 2957 750 3001 Mecklenburg
774 2955 863 2989 took
889 2954 992 3001 place
1008 2959 1047 2989 at
1065 2954 1238 2998 Freiberg
1352 2952 1379 2970 ⁸⁹
1408 2955 1605 2986 tv'alrinnm.
1633 2953 1709 2987 Not
1722 2952 1919 2988 elsewhere
1934 2952 2064 2996 found,

479 3017 526 3039 011
553 3004 644 3049 July
672 3005 706 3046 6,
738 3003 838 3041 1512,
863 3002 934 3036 and
967 3014 988 3035 a
1021 3001 1238 3046 ‹leputatiou
1305 3000 1376 3033 and
1395 3000 1437 3033 of
1450 3001 1641 3034 uncertain
1660 3001 1842 3044 meaning.

479 3052 573 3086 from
609 3051 748 3095 Leipsic
784 3061 853 3083 was
880 3053 1040 3094 present.
1106 3047 1236 3092 Vogel,
1354 3045 1394 3065 ¹⁰⁷
1424 3048 1518 3081 vila:
1544 3047 1763 3090 i.e.filtrum.

1229 3110 1322 3150 110
