2247 3637
174 277 202 316 1.
228 277 296 328 36]
377 265 1004 322 EITELNARRAB.
1063 265 1178 320 DE
1237 265 1734 322 PESSENEGK

170 375 560 441 protervitatem
599 381 800 439 portare
841 391 1004 422 unum
1047 375 1221 422 album
1264 375 1468 422 brillum
1511 376 1614 423 sive
1661 391 1774 440 per-

173 443 427 507 spicillum
479 442 532 490 in
570 459 660 490 sua
698 442 842 506 nigra
895 458 1055 506 cappa
1096 442 1148 489 in
1184 442 1332 489 dorso
1373 443 1436 489 ad
1472 449 1773 507 perpetuam

172 510 474 557 memoriam
493 516 546 557 et
565 509 878 564 scandalum,
897 510 1037 573 quod
1062 509 1292 556 fecerunt
1311 509 1547 556 iniuriam
1567 509 1773 574 speculo

172 577 361 625 oculari
419 576 612 624 domini
676 577 881 624 Ioannis
943 576 1214 632 Reuchlin‚
1270 576 1402 624 sicut
1460 576 1562 623 iam
1617 576 1773 624 etiam

172 644 414 691 dicuntur
451 643 557 708 pati
593 659 755 690 unum
792 643 1088 691 scandalum
1126 644 1176 690 in
1214 643 1551 691 celebratione
1587 642 1775 690 missali

171 717 379 775 propter
414 711 839 758 intoxicationem
868 709 1080 759 alicuius
1115 710 1446 775 imperatoris.
1525 709 1642 774 Ego
1672 726 1775 757 non

172 794 317 842 spero
341 778 480 841 quod
509 794 640 841 papa
664 777 758 825 erit
788 784 895 825 tam
922 777 1111 825 stultus
1135 778 1274 841 quod
1302 778 1483 826 faciet:
1523 777 1576 824 Si
1606 777 1774 833 faciet,

172 844 410 893 volumus
443 861 532 909 per
560 845 856 892 universum
885 850 1118 892 nostrum
1143 845 1374 893 ordinem
1400 852 1577 893 contra
1605 844 1775 909 ipsum

171 912 340 976 legere
386 911 543 959 istum
591 912 877 975 psalmum:
938 920 966 938 “
984 912 1147 968 Deus,
1195 912 1445 960 laudem.”
1528 912 1775 959 Ceterum

171 986 340 1043 patres
361 985 412 1027 et
438 978 667 1042 magistri
691 979 852 1026 nostri
877 995 1012 1027 nunc
1033 979 1261 1044 cogitant
1279 980 1540 1043 quomodo
1559 984 1775 1043 possunt

171 1046 377 1094 obviare
414 1046 511 1093 isto
548 1045 697 1093 malo.
790 1046 896 1110 Ipsi
933 1047 1115 1095 volunt
1150 1064 1179 1093 a
1214 1047 1332 1095 sede
1367 1047 1646 1111 apostolica
1680 1046 1775 1093 1111-

172 1121 370 1177 petrare
406 1113 677 1160 latissimas
713 1112 1073 1177 indulgentias,
1104 1120 1156 1162 et
1190 1115 1469 1162 maximam
1505 1113 1774 1179 pecuniam

173 1182 408 1244 colligere
456 1181 508 1227 in
557 1179 835 1228 Germania
882 1186 934 1228 et
989 1181 1173 1237 Gallia,
1220 1198 1310 1245 per
1355 1198 1512 1245 quam
1559 1186 1775 1246 possunt

172 1249 403 1296 resistere
444 1247 515 1295 illi
555 1247 744 1295 fautori
786 1248 1097 1295 Iudaeorum
1133 1248 1295 1296 donec
1332 1248 1608 1297 moriatur:
1655 1247 1775 1311 quia

173 1321 250 1363 est
298 1331 466 1363 senex.
562 1315 635 1362 Et
683 1320 809 1362 tunc
858 1315 1039 1362 volunt
1088 1332 1207 1363 eum
1255 1316 1465 1363 omnino
1515 1316 1771 1363 damnare.

173 1382 373 1437 Valete‚
411 1388 463 1429 et
498 1381 617 1429 date
654 1381 923 1428 consilium
960 1388 1187 1430 vestrum
1226 1383 1508 1430 secundum
1545 1388 1775 1430 vestrum

171 1466 334 1514 posse,
360 1455 412 1497 et
437 1455 737 1514 promovete
762 1449 957 1495 bonum
984 1450 1187 1497 ordinis.

846 1749 1106 1797 XXXVI

171 1885 234 1933 {I
258 1883 355 1930 ΕΙ
361 1882 632 1931 TELNA
642 1883 1124 1931 RPABIANUS
1151 1884 1270 1931 DE
1302 1883 1781 1932 PESSENECK

341 1967 385 1999 07
391 1950 532 1998 dinis
584 1949 825 1998 Willaelmi
865 1967 1041 1999 6777307
1087 1951 1140 1998 in
1196 1949 1469 2026 leeolqgia
1512 1951 1745 2015 Blag'ffsm
1748 1968 1775 1999 ο

345 2017 561 2066 Ortvz'no
591 2017 781 2065 (11777ΐὶ0
806 2017 946 2066 87717
976 2018 1094 2066 decet
1119 2035 1296 2067 mame?
1299 2018 1561 2067 08735777777777

315 2151 644 2199 NATURA
671 2168 846 2199 sumus
872 2152 1085 2227 proclivi
1110 2153 1173 2200 ad
1199 2153 1439 2209 1113111111,”
1472 2159 1533 2200 ut
1557 2152 1775 2217 legimus

328 2219 380 2267 in
406 2218 691 2266 autenticis.
770 2219 897 2267 Ideo
915 2219 1049 2268 inter
1068 2220 1300 2268 homines
1320 2220 1557 2268 audimus
1576 2236 1776 2285 semper

172 2286 319 2351 plura
377 2286 511 2333 mala
568 2303 726 2350 quam
784 2287 931 2335 bona
1028 2286 1145 2351 Ego
1203 2288 1462 2352 disputavi
1514 2303 1676 2351 nupe1
1723 2287 1774 2334 in

177 2353 468 2401 Wormatia
487 2369 606 2400 cum
624 2354 827 2401 duobus
850 2354 1052 2402 Iudaeis
1072 2361 1124 2402 et
1144 2354 1355 2419 probavi
1380 2354 1558 2419 quod
1546 2371 1775 2419 ipsorum

172 2420 256 2469 lex
281 2437 371 2485 per
403 2421 669 2469 Christum
705 2428 838 2469 esset
875 2428 1084 2477 cassata,
1111 2429 1267 2486 atque
1303 2422 1443 2485 quod
1485 2420 1775 2485 expectatio

172 2487 399 2554 ipsorum
424 2489 487 2535 de
513 2488 705 2536 Messia
738 2495 869 2537 esset
902 2507 1005 2537 una
1034 2506 1172 2537 mera
1207 2491 1364 2537 frasta
1400 2495 1452 2537 et
1490 2488 1772 2553 phantasia,

172 2572 229 2602 ac
271 2572 420 2620 super
461 2556 558 2602 hoc
596 2555 811 2620 allegavi
853 2556 1122 2604 dominum
1161 2557 1411 2604 Ioannem
1450 2555 1775 2604 Pfefferkorn

173 2622 224 2670 in
262 2622 490 2671 Colonia.
582 2622 666 2670 Illi
714 2640 833 2671 vero
874 2624 1093 2671 riserunt
1132 2624 1505 2688 dixeruntque:
1545 2623 1776 2670 “Vester

176 2690 393 2737 Ioannes
442 2689 764 2738 Pfefferkorn
822 2690 874 2738 in
934 2691 1150 2738 Colonia
1210 2698 1289 2738 est
1347 2707 1479 2738 unus
1527 2689 1774 2754 pessimus

221 2817 249 2836 ⁵²
274 2820 435 2855 brillum:
465 2820 705 2866 “s.pectacles
711 2821 729 2835 ’
778 2822 845 2855 See
879 2821 938 2855 Du
1009 2834 1062 2864 or,
1079 2833 1118 2856 as
1137 2821 1273 2866 quoted
1292 2823 1329 2854 111
1354 2821 1443 2854 Acts
1469 2822 1491 2855 i.
1511 2821 1570 2864 20,
1587 2821 1608 2838 “⁴
1620 2821 1692 2855 and
1718 2821 1775 2856 his

176 2864 204 2898 C
194 2877 311 2909 ange,
329 2878 355 2900 5.
358 2878 390 2899 v.
409 2869 1220 2913 Berillus.bisl1oprick
1237 2868 1290 2902 let
1308 2868 1465 2901 another
1481 2868 1602 2902 takel’

220 2911 246 2929 ⁶⁷
273 2915 579 2948 intoxicationem:
604 2915 788 2960 referring
813 2919 850 2949 to
875 2915 940 2949 the
1055 2915 1083 2933 ⁷⁶
1108 2918 1244 2950 Seuer:
1270 2914 1453 2949 Reuchliu
1472 2926 1542 2949 was
1554 2915 1634 2959 just
1650 2917 1758 2962 sixty.

174 2958 319 3013 alleged
336 2960 532 3005 poisoning
548 2961 590 2995 of
601 2961 666 2995 the
684 2962 789 3006 Emp.
810 2962 941 3008 Henry
1058 2962 1070 2981 ²
1094 2962 1183 2996 This
1212 2963 1242 2995 is
1272 2973 1342 2996 one
1372 2962 1414 2995 of
1442 2962 1507 2996 the
1538 2962 1627 3008 Epp.
1655 2963 1774 2998 which

175 3006 257 3072 VI7I.
278 3007 316 3040 in
338 3007 437 3040 1313.
487 3007 580 3041 See'
572 3020 593 3041 l.
617 3009 674 3050 22,
690 3021 724 3042 u.
1010 3009 1102 3043 have
1120 3009 1213 3043 been
1231 3008 1436 3042 attributed
1454 3013 1493 3043 to
1512 3009 1701 3044 Buschius

224 3052 474 3095 ”psalmicum
513 3057 565 3088 ine
603 3054 694 3090 l‘sal.
735 3056 817 3098 cix„
856 3067 942 3090 con-
1057 3055 1071 3074 ⁵
1096 3060 1266 3089 Autent..·
1306 3058 1364 3090 i.e.
1409 3055 1519 3090 Peter
1560 3057 1754 3091 Lombard’
1758 3070 1775 3092 5

176 3101 322 3145 taining
347 3100 411 3134 the
437 3111 552 3142 verse,
570 3101 672 3135 “Let
700 3101 756 3135 his
782 3103 871 3147 days
896 3103 941 3163 be
1012 3101 1287 3137 “Sentences.''

176 3147 269 3189 few;
287 3148 358 3180 aud
373 3146 427 3181 let
439 3127 596 3182 anotlier
609 3148 695 3183 take
709 3149 766 3183 his
779 3141 906 3191 office3
1058 3148 1071 3167 ⁹
1088 3150 1214 3191 frasta
1226 3161 1237 3183 .·
1252 3151 1381 3191 fra-sea
1395 3161 1407 3191 ;
1432 3161 1493 3185 see
1510 3151 1532 3184 i.
1555 3152 1608 3193 16,
1628 3163 1662 3187 n.

940 3210 1003 3250 93

1808 597 1847 627 65

1810 933 1847 964 70

1809 1265 1847 1296 75

1810 2576 1847 2605 10
