<?xml version="1.0" encoding="UTF-8"?>
<!DOCTYPE html PUBLIC "-//W3C//DTD XHTML 1.0 Transitional//EN"
    "http://www.w3.org/TR/xhtml1/DTD/xhtml1-transitional.dtd">
<html xmlns="http://www.w3.org/1999/xhtml" xml:lang="en" lang="en">
 <head>
  <title>
</title>
<meta http-equiv="Content-Type" content="text/html;charset=utf-8" />
  <meta name='ocr-system' content='tesseract 3.04.00' />
  <meta name='ocr-capabilities' content='ocr_page ocr_carea ocr_par ocr_line ocrx_word'/>
</head>
<body>
  <div class='ocr_page' id='page_1' title='image "./epistolaeobscuro00huttuoft_0241.png"; bbox 0 0 2247 3637; ppageno 0'>
   <div class='ocr_carea' id='block_1_1' title="bbox 215 233 1282 299">
    <p class='ocr_par' dir='ltr' id='par_1_1' title="bbox 215 233 1282 299">
     <span class='ocr_line' id='line_1_1' title="bbox 215 233 1282 299; baseline 0.004 -14"><span class='ocrx_word' id='word_1_1' title='bbox 215 250 244 286; x_wconf 94' lang='lat'><strong>1.</strong></span> <span class='ocrx_word' id='word_1_2' title='bbox 270 252 338 299; x_wconf 72' lang='lat'><strong>42]</strong></span> <span class='ocrx_word' id='word_1_3' title='bbox 721 233 1155 292; x_wconf 86' lang='lat' dir='ltr'><strong>ANTONIUS</strong></span> <span class='ocrx_word' id='word_1_4' title='bbox 1208 233 1282 289; x_wconf 91' lang='lat' dir='ltr'><strong>N.</strong></span> 
     </span>
    </p>
   </div>
   <div class='ocr_carea' id='block_1_2' title="bbox 214 341 1814 3029">
    <p class='ocr_par' dir='ltr' id='par_1_2' title="bbox 214 341 1814 3029">
     <span class='ocr_line' id='line_1_2' title="bbox 215 341 1809 411; baseline -0.004 -16"><span class='ocrx_word' id='word_1_5' title='bbox 215 349 369 396; x_wconf 87' lang='lat' dir='ltr'><strong>habet</strong></span> <span class='ocrx_word' id='word_1_6' title='bbox 394 347 666 411; x_wconf 81' lang='lat' dir='ltr'><strong>negocium</strong></span> <span class='ocrx_word' id='word_1_7' title='bbox 691 346 742 394; x_wconf 92' lang='lat' dir='ltr'><strong>in</strong></span> <span class='ocrx_word' id='word_1_8' title='bbox 767 346 917 394; x_wconf 86' lang='lat' dir='ltr'><strong>armis</strong></span> <span class='ocrx_word' id='word_1_9' title='bbox 942 351 994 393; x_wconf 88' lang='lat' dir='ltr'><strong>et</strong></span> <span class='ocrx_word' id='word_1_10' title='bbox 1020 343 1276 392; x_wconf 84' lang='lat' dir='ltr'>continuis</span> <span class='ocrx_word' id='word_1_11' title='bbox 1300 342 1573 397; x_wconf 83' lang='lat' dir='ltr'><strong>laboribuS,</strong></span> <span class='ocrx_word' id='word_1_12' title='bbox 1599 341 1682 390; x_wconf 92' lang='lat' dir='ltr'><strong>ille</strong></span> <span class='ocrx_word' id='word_1_13' title='bbox 1707 357 1809 389; x_wconf 90' lang='lat' dir='ltr'><strong>non</strong></span> 
     </span>
     <span class='ocr_line' id='line_1_3' title="bbox 215 409 1812 479; baseline -0.003 -18"><span class='ocrx_word' id='word_1_14' title='bbox 215 421 387 479; x_wconf 86' lang='lat' dir='ltr'><strong>potest</strong></span> <span class='ocrx_word' id='word_1_15' title='bbox 411 414 627 462; x_wconf 85' lang='lat' dir='ltr'><strong>latinum</strong></span> <span class='ocrx_word' id='word_1_16' title='bbox 649 414 854 461; x_wconf 83' lang='lat' dir='ltr'><strong>discere.</strong></span> <span class='ocrx_word' id='word_1_17' title='bbox 929 412 1029 460; x_wconf 91' lang='lat' dir='ltr'><strong>Sed</strong></span> <span class='ocrx_word' id='word_1_18' title='bbox 1054 412 1123 459; x_wconf 89' lang='lat' dir='ltr'><strong>sic</strong></span> <span class='ocrx_word' id='word_1_19' title='bbox 1143 417 1220 458; x_wconf 90' lang='lat' dir='ltr'><strong>est</strong></span> <span class='ocrx_word' id='word_1_20' title='bbox 1245 409 1384 474; x_wconf 91' lang='lat' dir='ltr'><strong>quod</strong></span> <span class='ocrx_word' id='word_1_21' title='bbox 1411 410 1596 457; x_wconf 89' lang='lat' dir='ltr'><strong>Caesar</strong></span> <span class='ocrx_word' id='word_1_22' title='bbox 1614 425 1812 473; x_wconf 91' lang='lat' dir='ltr'><strong>semper</strong></span> 
     </span>
     <span class='ocr_line' id='line_1_4' title="bbox 215 476 1811 542; baseline -0.004 -13"><span class='ocrx_word' id='word_1_23' title='bbox 215 482 314 530; x_wconf 88' lang='lat' dir='ltr'><strong>fuit</strong></span> <span class='ocrx_word' id='word_1_24' title='bbox 339 483 389 529; x_wconf 94' lang='lat' dir='ltr'><strong>in</strong></span> <span class='ocrx_word' id='word_1_25' title='bbox 415 480 556 529; x_wconf 91' lang='lat' dir='ltr'><strong>bellis</strong></span> <span class='ocrx_word' id='word_1_26' title='bbox 576 487 628 529; x_wconf 88' lang='lat' dir='ltr'><strong>et</strong></span> <span class='ocrx_word' id='word_1_27' title='bbox 654 480 890 528; x_wconf 88' lang='lat' dir='ltr'><strong>maximis</strong></span> <span class='ocrx_word' id='word_1_28' title='bbox 913 478 1198 527; x_wconf 87' lang='lat' dir='ltr'>laboribus:</span> <span class='ocrx_word' id='word_1_29' title='bbox 1236 493 1356 542; x_wconf 90' lang='lat' dir='ltr'><strong>ergo</strong></span> <span class='ocrx_word' id='word_1_30' title='bbox 1380 493 1483 524; x_wconf 92' lang='lat' dir='ltr'><strong>non</strong></span> <span class='ocrx_word' id='word_1_31' title='bbox 1509 476 1680 540; x_wconf 90' lang='lat' dir='ltr'><strong>potuit</strong></span> <span class='ocrx_word' id='word_1_32' title='bbox 1705 491 1811 523; x_wconf 90' lang='lat' dir='ltr'><strong>esse</strong></span> 
     </span>
     <span class='ocr_line' id='line_1_5' title="bbox 216 542 1811 608; baseline -0.004 -11"><span class='ocrx_word' id='word_1_33' title='bbox 216 549 399 597; x_wconf 88' lang='lat' dir='ltr'><strong>doctus</strong></span> <span class='ocrx_word' id='word_1_34' title='bbox 436 548 516 596; x_wconf 85' lang='lat' dir='ltr'><strong>vel</strong></span> <span class='ocrx_word' id='word_1_35' title='bbox 558 548 777 595; x_wconf 89' lang='lat' dir='ltr'><strong>latinum</strong></span> <span class='ocrx_word' id='word_1_36' title='bbox 820 547 1023 595; x_wconf 88' lang='lat' dir='ltr'><strong>discere.</strong></span> <span class='ocrx_word' id='word_1_37' title='bbox 1096 546 1298 593; x_wconf 85' lang='lat' dir='ltr'><strong>Revera</strong></span> <span class='ocrx_word' id='word_1_38' title='bbox 1339 550 1467 608; x_wconf 90' lang='lat' dir='ltr'><strong>puto</strong></span> <span class='ocrx_word' id='word_1_39' title='bbox 1510 542 1668 607; x_wconf 88' lang='lat' dir='ltr'><strong>igitur</strong></span> <span class='ocrx_word' id='word_1_40' title='bbox 1709 559 1811 590; x_wconf 92' lang='lat' dir='ltr'><strong>non</strong></span> 
     </span>
     <span class='ocr_line' id='line_1_6' title="bbox 215 608 1811 678; baseline -0.004 -15"><span class='ocrx_word' id='word_1_41' title='bbox 215 616 361 663; x_wconf 89' lang='lat' dir='ltr'><strong>aliter</strong></span> <span class='ocrx_word' id='word_1_42' title='bbox 396 632 552 678; x_wconf 83' lang='lat' dir='ltr'><strong>quam</strong></span> <span class='ocrx_word' id='word_1_43' title='bbox 588 615 727 678; x_wconf 89' lang='lat' dir='ltr'><strong>quod</strong></span> <span class='ocrx_word' id='word_1_44' title='bbox 765 614 1043 663; x_wconf 81' lang='lat' dir='ltr'><strong>Suetonius</strong></span> <span class='ocrx_word' id='word_1_45' title='bbox 1076 611 1274 677; x_wconf 78' lang='lat' dir='ltr'><strong>scripsit</strong></span> <span class='ocrx_word' id='word_1_46' title='bbox 1308 611 1394 658; x_wconf 89' lang='lat' dir='ltr'><strong>illa</strong></span> <span class='ocrx_word' id='word_1_47' title='bbox 1429 608 1811 664; x_wconf 87' lang='lat' dir='ltr'><strong>commentaria,</strong></span> 
     </span>
     <span class='ocr_line' id='line_1_7' title="bbox 214 676 1812 746; baseline -0.004 -17"><span class='ocrx_word' id='word_1_48' title='bbox 214 683 334 746; x_wconf 88' lang='lat' dir='ltr'><strong>quia</strong></span> <span class='ocrx_word' id='word_1_49' title='bbox 368 698 635 745; x_wconf 88' lang='lat' dir='ltr'><strong>nunquam</strong></span> <span class='ocrx_word' id='word_1_50' title='bbox 672 681 773 729; x_wconf 84' lang='lat' dir='ltr'><strong>vidi</strong></span> <span class='ocrx_word' id='word_1_51' title='bbox 810 681 1049 744; x_wconf 86' lang='lat' dir='ltr'><strong>aliquem,</strong></span> <span class='ocrx_word' id='word_1_52' title='bbox 1085 679 1173 743; x_wconf 93' lang='lat' dir='ltr'><strong>qui</strong></span> <span class='ocrx_word' id='word_1_53' title='bbox 1208 679 1369 742; x_wconf 89' lang='lat' dir='ltr'><strong>magis</strong></span> <span class='ocrx_word' id='word_1_54' title='bbox 1405 677 1615 725; x_wconf 88' lang='lat' dir='ltr'><strong>haberet</strong></span> <span class='ocrx_word' id='word_1_55' title='bbox 1652 676 1812 724; x_wconf 90' lang='lat' dir='ltr'><strong>consi-</strong></span> 
     </span>
     <span class='ocr_line' id='line_1_8' title="bbox 216 745 1812 811; baseline -0.004 -15"><span class='ocrx_word' id='word_1_56' title='bbox 216 749 467 797; x_wconf 82' lang='lat' dir='ltr'><strong>miliorein</strong></span> <span class='ocrx_word' id='word_1_57' title='bbox 494 748 669 796; x_wconf 89' lang='lat' dir='ltr'><strong>stilum</strong></span> <span class='ocrx_word' id='word_1_58' title='bbox 697 748 899 796; x_wconf 84' lang='lat' dir='ltr'><strong>Caesari</strong></span> <span class='ocrx_word' id='word_1_59' title='bbox 924 765 1079 811; x_wconf 89' lang='lat' dir='ltr'><strong>quam</strong></span> <span class='ocrx_word' id='word_1_60' title='bbox 1107 745 1413 795; x_wconf 89' lang='lat' dir='ltr'><strong>Suetonius.’</strong></span> <span class='ocrx_word' id='word_1_61' title='bbox 1430 745 1453 761; x_wconf 76' lang='lat'><strong>’³</strong></span> <span class='ocrx_word' id='word_1_62' title='bbox 1524 745 1812 807; x_wconf 88' lang='lat' dir='ltr'><strong>Postquam</strong></span> 
     </span>
     <span class='ocr_line' id='line_1_9' title="bbox 214 810 1813 877; baseline -0.003 -14"><span class='ocrx_word' id='word_1_63' title='bbox 214 817 287 864; x_wconf 87' lang='lat' dir='ltr'><strong>ita</strong></span> <span class='ocrx_word' id='word_1_64' title='bbox 322 816 562 864; x_wconf 87' lang='lat' dir='ltr'><strong>dixissem</strong></span> <span class='ocrx_word' id='word_1_65' title='bbox 588 822 640 863; x_wconf 90' lang='lat' dir='ltr'><strong>et</strong></span> <span class='ocrx_word' id='word_1_66' title='bbox 676 816 842 863; x_wconf 87' lang='lat' dir='ltr'><strong>multa</strong></span> <span class='ocrx_word' id='word_1_67' title='bbox 871 814 967 862; x_wconf 87' lang='lat' dir='ltr'><strong>alia</strong></span> <span class='ocrx_word' id='word_1_68' title='bbox 992 814 1145 863; x_wconf 79' lang='lat' dir='ltr'><strong>verba</strong></span> <span class='ocrx_word' id='word_1_69' title='bbox 1181 829 1312 877; x_wconf 89' lang='lat' dir='ltr'><strong>quae</strong></span> <span class='ocrx_word' id='word_1_70' title='bbox 1348 812 1429 860; x_wconf 90' lang='lat' dir='ltr'><strong>hic</strong></span> <span class='ocrx_word' id='word_1_71' title='bbox 1465 828 1615 859; x_wconf 86' lang='lat' dir='ltr'><strong>causa</strong></span> <span class='ocrx_word' id='word_1_72' title='bbox 1652 810 1813 859; x_wconf 88' lang='lat' dir='ltr'><strong>brevi-</strong></span> 
     </span>
     <span class='ocr_line' id='line_1_10' title="bbox 214 877 1814 945; baseline -0.004 -14"><span class='ocrx_word' id='word_1_73' title='bbox 214 884 338 931; x_wconf 87' lang='lat' dir='ltr'><strong>tatis</strong></span> <span class='ocrx_word' id='word_1_74' title='bbox 401 882 603 938; x_wconf 88' lang='lat' dir='ltr'><strong>omitto,</strong></span> <span class='ocrx_word' id='word_1_75' title='bbox 663 882 784 945; x_wconf 87' lang='lat' dir='ltr'><strong>quia</strong></span> <span class='ocrx_word' id='word_1_76' title='bbox 847 888 906 929; x_wconf 92' lang='lat' dir='ltr'><strong>ut</strong></span> <span class='ocrx_word' id='word_1_77' title='bbox 969 882 1107 930; x_wconf 92' lang='lat' dir='ltr'><strong>scitis</strong></span> <span class='ocrx_word' id='word_1_78' title='bbox 1165 897 1228 928; x_wconf 90' lang='lat' dir='ltr'><strong>ex</strong></span> <span class='ocrx_word' id='word_1_79' title='bbox 1295 880 1509 944; x_wconf 89' lang='lat' dir='ltr'><strong>antiquo</strong></span> <span class='ocrx_word' id='word_1_80' title='bbox 1573 877 1814 926; x_wconf 87' lang='lat' dir='ltr'><strong>dicterio:</strong></span> 
     </span>
     <span class='ocr_line' id='line_1_11' title="bbox 217 946 1814 1004; baseline -0.004 -6"><span class='ocrx_word' id='word_1_81' title='bbox 217 950 510 998; x_wconf 81' lang='lat' dir='ltr'><strong>“Gaudent</strong></span> <span class='ocrx_word' id='word_1_82' title='bbox 546 949 797 998; x_wconf 91' lang='lat' dir='ltr'><strong>brevitate</strong></span> <span class='ocrx_word' id='word_1_83' title='bbox 833 949 1109 1004; x_wconf 91' lang='lat' dir='ltr'><strong>moderni‚&#39;’</strong></span> <span class='ocrx_word' id='word_1_84' title='bbox 1145 954 1271 995; x_wconf 91' lang='lat' dir='ltr'><strong>tunc</strong></span> <span class='ocrx_word' id='word_1_85' title='bbox 1311 946 1420 994; x_wconf 90' lang='lat' dir='ltr'><strong>risit</strong></span> <span class='ocrx_word' id='word_1_86' title='bbox 1467 946 1715 994; x_wconf 89' lang='lat' dir='ltr'><strong>Erasmus</strong></span> <span class='ocrx_word' id='word_1_87' title='bbox 1761 950 1814 993; x_wconf 90' lang='lat' dir='ltr'><strong>et</strong></span> 
     </span>
     <span class='ocr_line' id='line_1_12' title="bbox 215 1013 1814 1082; baseline -0.003 -18"><span class='ocrx_word' id='word_1_88' title='bbox 215 1017 341 1065; x_wconf 89' lang='lat' dir='ltr'><strong>nihil</strong></span> <span class='ocrx_word' id='word_1_89' title='bbox 376 1017 651 1082; x_wconf 89' lang='lat' dir='ltr'><strong>respondit,</strong></span> <span class='ocrx_word' id='word_1_90' title='bbox 689 1016 809 1080; x_wconf 89' lang='lat' dir='ltr'><strong>quia</strong></span> <span class='ocrx_word' id='word_1_91' title='bbox 844 1033 964 1064; x_wconf 89' lang='lat' dir='ltr'><strong>eum</strong></span> <span class='ocrx_word' id='word_1_92' title='bbox 999 1022 1109 1064; x_wconf 87' lang='lat' dir='ltr'><strong>tam</strong></span> <span class='ocrx_word' id='word_1_93' title='bbox 1152 1013 1327 1062; x_wconf 90' lang='lat' dir='ltr'><strong>subtili</strong></span> <span class='ocrx_word' id='word_1_94' title='bbox 1369 1013 1814 1078; x_wconf 79' lang='lat' dir='ltr'><strong>argumentatione</strong></span> 
     </span>
     <span class='ocr_line' id='line_1_13' title="bbox 216 1078 1814 1149; baseline -0.004 -16"><span class='ocrx_word' id='word_1_95' title='bbox 216 1084 462 1149; x_wconf 86' lang='lat' dir='ltr'><strong>superavi.</strong></span> <span class='ocrx_word' id='word_1_96' title='bbox 537 1084 611 1132; x_wconf 89' lang='lat' dir='ltr'><strong>Et</strong></span> <span class='ocrx_word' id='word_1_97' title='bbox 643 1083 713 1132; x_wconf 91' lang='lat' dir='ltr'><strong>sic</strong></span> <span class='ocrx_word' id='word_1_98' title='bbox 750 1082 1067 1148; x_wconf 87' lang='lat' dir='ltr'><strong>inposuimus</strong></span> <span class='ocrx_word' id='word_1_99' title='bbox 1102 1083 1259 1130; x_wconf 88' lang='lat' dir='ltr'><strong>finem</strong></span> <span class='ocrx_word' id='word_1_100' title='bbox 1296 1080 1555 1129; x_wconf 87' lang='lat' dir='ltr'><strong>collationi</strong></span> <span class='ocrx_word' id='word_1_101' title='bbox 1587 1086 1639 1128; x_wconf 82' lang='lat' dir='ltr'><strong>et</strong></span> <span class='ocrx_word' id='word_1_102' title='bbox 1672 1078 1814 1127; x_wconf 92' lang='lat' dir='ltr'><strong>nolui</strong></span> 
     </span>
     <span class='ocr_line' id='line_1_14' title="bbox 215 1146 1814 1216; baseline -0.003 -17"><span class='ocrx_word' id='word_1_103' title='bbox 215 1151 568 1216; x_wconf 88' lang='lat' dir='ltr'><strong>quaestionem</strong></span> <span class='ocrx_word' id='word_1_104' title='bbox 610 1167 778 1199; x_wconf 90' lang='lat' dir='ltr'><strong>meam</strong></span> <span class='ocrx_word' id='word_1_105' title='bbox 814 1151 866 1197; x_wconf 92' lang='lat' dir='ltr'><strong>in</strong></span> <span class='ocrx_word' id='word_1_106' title='bbox 907 1149 1159 1198; x_wconf 88' lang='lat' dir='ltr'><strong>medicina</strong></span> <span class='ocrx_word' id='word_1_107' title='bbox 1200 1165 1494 1213; x_wconf 85' lang='lat' dir='ltr'><strong>proponere,</strong></span> <span class='ocrx_word' id='word_1_108' title='bbox 1532 1147 1652 1212; x_wconf 89' lang='lat' dir='ltr'><strong>quia</strong></span> <span class='ocrx_word' id='word_1_109' title='bbox 1692 1146 1814 1194; x_wconf 91' lang='lat' dir='ltr'><strong>scivi</strong></span> 
     </span>
     <span class='ocr_line' id='line_1_15' title="bbox 215 1213 1812 1283; baseline -0.004 -16"><span class='ocrx_word' id='word_1_110' title='bbox 215 1219 353 1283; x_wconf 89' lang='lat' dir='ltr'><strong>quod</strong></span> <span class='ocrx_word' id='word_1_111' title='bbox 391 1218 497 1283; x_wconf 91' lang='lat' dir='ltr'><strong>ipse</strong></span> <span class='ocrx_word' id='word_1_112' title='bbox 522 1235 626 1266; x_wconf 92' lang='lat' dir='ltr'><strong>non</strong></span> <span class='ocrx_word' id='word_1_113' title='bbox 651 1218 814 1274; x_wconf 87' lang='lat' dir='ltr'><strong>sciret,</strong></span> <span class='ocrx_word' id='word_1_114' title='bbox 842 1234 959 1265; x_wconf 89' lang='lat' dir='ltr'><strong>cum</strong></span> <span class='ocrx_word' id='word_1_115' title='bbox 995 1234 1099 1265; x_wconf 91' lang='lat' dir='ltr'><strong>non</strong></span> <span class='ocrx_word' id='word_1_116' title='bbox 1124 1215 1275 1264; x_wconf 90' lang='lat' dir='ltr'><strong>sciret</strong></span> <span class='ocrx_word' id='word_1_117' title='bbox 1300 1215 1425 1263; x_wconf 89' lang='lat' dir='ltr'><strong>mihi</strong></span> <span class='ocrx_word' id='word_1_118' title='bbox 1458 1215 1651 1263; x_wconf 85' lang='lat' dir='ltr'><strong>solvere</strong></span> <span class='ocrx_word' id='word_1_119' title='bbox 1685 1213 1812 1261; x_wconf 90' lang='lat' dir='ltr'><strong>illud</strong></span> 
     </span>
     <span class='ocr_line' id='line_1_16' title="bbox 215 1280 1813 1350; baseline -0.003 -16"><span class='ocrx_word' id='word_1_120' title='bbox 215 1293 582 1350; x_wconf 84' lang='lat' dir='ltr'><strong>argumentum</strong></span> <span class='ocrx_word' id='word_1_121' title='bbox 612 1286 663 1333; x_wconf 90' lang='lat' dir='ltr'><strong>in</strong></span> <span class='ocrx_word' id='word_1_122' title='bbox 688 1284 843 1349; x_wconf 86' lang='lat' dir='ltr'><strong>poesi,</strong></span> <span class='ocrx_word' id='word_1_123' title='bbox 869 1291 923 1333; x_wconf 90' lang='lat' dir='ltr'><strong>et</strong></span> <span class='ocrx_word' id='word_1_124' title='bbox 950 1284 1055 1348; x_wconf 86' lang='lat' dir='ltr'><strong>ipse</strong></span> <span class='ocrx_word' id='word_1_125' title='bbox 1079 1291 1253 1332; x_wconf 90' lang='lat' dir='ltr'><strong>tamen</strong></span> <span class='ocrx_word' id='word_1_126' title='bbox 1280 1289 1412 1331; x_wconf 92' lang='lat' dir='ltr'><strong>esset</strong></span> <span class='ocrx_word' id='word_1_127' title='bbox 1441 1288 1592 1346; x_wconf 86' lang='lat' dir='ltr'><strong>poeta</strong></span> <span class='ocrx_word' id='word_1_128' title='bbox 1617 1288 1670 1330; x_wconf 91' lang='lat' dir='ltr'><strong>et</strong></span> <span class='ocrx_word' id='word_1_129' title='bbox 1699 1280 1813 1329; x_wconf 91' lang='lat' dir='ltr'><strong>dico</strong></span> 
     </span>
     <span class='ocr_line' id='line_1_17' title="bbox 214 1349 1812 1418; baseline -0.003 -17"><span class='ocrx_word' id='word_1_130' title='bbox 214 1370 305 1418; x_wconf 92' lang='lat' dir='ltr'><strong>per</strong></span> <span class='ocrx_word' id='word_1_131' title='bbox 332 1354 488 1401; x_wconf 91' lang='lat' dir='ltr'><strong>deum</strong></span> <span class='ocrx_word' id='word_1_132' title='bbox 525 1353 663 1416; x_wconf 91' lang='lat' dir='ltr'><strong>quod</strong></span> <span class='ocrx_word' id='word_1_133' title='bbox 698 1368 802 1400; x_wconf 91' lang='lat' dir='ltr'><strong>non</strong></span> <span class='ocrx_word' id='word_1_134' title='bbox 827 1358 904 1400; x_wconf 92' lang='lat' dir='ltr'><strong>est</strong></span> <span class='ocrx_word' id='word_1_135' title='bbox 938 1357 1048 1399; x_wconf 89' lang='lat' dir='ltr'><strong>tam</strong></span> <span class='ocrx_word' id='word_1_136' title='bbox 1075 1350 1301 1399; x_wconf 91' lang='lat' dir='ltr'><strong>multum</strong></span> <span class='ocrx_word' id='word_1_137' title='bbox 1326 1357 1387 1398; x_wconf 91' lang='lat' dir='ltr'><strong>ut</strong></span> <span class='ocrx_word' id='word_1_138' title='bbox 1421 1350 1602 1398; x_wconf 89' lang='lat' dir='ltr'><strong>dicunt</strong></span> <span class='ocrx_word' id='word_1_139' title='bbox 1637 1349 1700 1396; x_wconf 87' lang='lat' dir='ltr'><strong>de</strong></span> <span class='ocrx_word' id='word_1_140' title='bbox 1724 1364 1812 1396; x_wconf 94' lang='lat' dir='ltr'><strong>eo:</strong></span> 
     </span>
     <span class='ocr_line' id='line_1_18' title="bbox 215 1415 1812 1485; baseline -0.004 -17"><span class='ocrx_word' id='word_1_141' title='bbox 215 1438 318 1468; x_wconf 91' lang='lat' dir='ltr'><strong>non</strong></span> <span class='ocrx_word' id='word_1_142' title='bbox 355 1420 451 1468; x_wconf 92' lang='lat' dir='ltr'><strong>scit</strong></span> <span class='ocrx_word' id='word_1_143' title='bbox 486 1420 601 1485; x_wconf 90' lang='lat' dir='ltr'><strong>plus</strong></span> <span class='ocrx_word' id='word_1_144' title='bbox 637 1436 794 1483; x_wconf 86' lang='lat' dir='ltr'><strong>quam</strong></span> <span class='ocrx_word' id='word_1_145' title='bbox 831 1418 986 1467; x_wconf 90' lang='lat' dir='ltr'><strong>etiam</strong></span> <span class='ocrx_word' id='word_1_146' title='bbox 1023 1417 1150 1466; x_wconf 89' lang='lat' dir='ltr'><strong>alius</strong></span> <span class='ocrx_word' id='word_1_147' title='bbox 1188 1417 1373 1474; x_wconf 89' lang='lat' dir='ltr'><strong>homo;</strong></span> <span class='ocrx_word' id='word_1_148' title='bbox 1420 1417 1472 1465; x_wconf 92' lang='lat' dir='ltr'><strong>in</strong></span> <span class='ocrx_word' id='word_1_149' title='bbox 1508 1415 1647 1481; x_wconf 89' lang='lat' dir='ltr'><strong>poesi</strong></span> <span class='ocrx_word' id='word_1_150' title='bbox 1683 1415 1812 1463; x_wconf 88' lang='lat' dir='ltr'><strong>bene</strong></span> 
     </span>
     <span class='ocr_line' id='line_1_19' title="bbox 217 1482 1812 1551; baseline -0.004 -15"><span class='ocrx_word' id='word_1_151' title='bbox 217 1487 442 1536; x_wconf 90' lang='lat' dir='ltr'><strong>concedo</strong></span> <span class='ocrx_word' id='word_1_152' title='bbox 471 1488 610 1551; x_wconf 86' lang='lat' dir='ltr'><strong>quod</strong></span> <span class='ocrx_word' id='word_1_153' title='bbox 636 1485 730 1534; x_wconf 86' lang='lat' dir='ltr'><strong>scit</strong></span> <span class='ocrx_word' id='word_1_154' title='bbox 760 1485 1031 1550; x_wconf 87' lang='lat' dir='ltr'><strong>pulchrum</strong></span> <span class='ocrx_word' id='word_1_155' title='bbox 1056 1485 1275 1533; x_wconf 87' lang='lat' dir='ltr'><strong>latinum</strong></span> <span class='ocrx_word' id='word_1_156' title='bbox 1300 1484 1480 1532; x_wconf 89' lang='lat' dir='ltr'><strong>dicere.</strong></span> <span class='ocrx_word' id='word_1_157' title='bbox 1555 1483 1656 1532; x_wconf 90' lang='lat' dir='ltr'><strong>Sed</strong></span> <span class='ocrx_word' id='word_1_158' title='bbox 1689 1482 1812 1546; x_wconf 90' lang='lat' dir='ltr'><strong>quid</strong></span> 
     </span>
     <span class='ocr_line' id='line_1_20' title="bbox 216 1549 1813 1618; baseline -0.004 -15"><span class='ocrx_word' id='word_1_159' title='bbox 216 1562 294 1603; x_wconf 91' lang='lat' dir='ltr'><strong>est</strong></span> <span class='ocrx_word' id='word_1_160' title='bbox 319 1556 383 1618; x_wconf 63' lang='lat'><strong>[2]</strong></span> <span class='ocrx_word' id='word_1_161' title='bbox 418 1555 470 1602; x_wconf 89' lang='lat' dir='ltr'><strong>in</strong></span> <span class='ocrx_word' id='word_1_162' title='bbox 512 1571 646 1602; x_wconf 87' lang='lat' dir='ltr'><strong>anno</strong></span> <span class='ocrx_word' id='word_1_163' title='bbox 688 1553 853 1601; x_wconf 89' lang='lat' dir='ltr'><strong>multa</strong></span> <span class='ocrx_word' id='word_1_164' title='bbox 893 1569 1165 1618; x_wconf 90' lang='lat' dir='ltr'><strong>possumus</strong></span> <span class='ocrx_word' id='word_1_165' title='bbox 1206 1550 1329 1600; x_wconf 88' lang='lat' dir='ltr'><strong>talia</strong></span> <span class='ocrx_word' id='word_1_166' title='bbox 1364 1552 1583 1600; x_wconf 89' lang='lat' dir='ltr'><strong>discere:</strong></span> <span class='ocrx_word' id='word_1_167' title='bbox 1631 1549 1719 1597; x_wconf 92' lang='lat' dir='ltr'><strong>sed</strong></span> <span class='ocrx_word' id='word_1_168' title='bbox 1761 1549 1813 1597; x_wconf 93' lang='lat' dir='ltr'><strong>in</strong></span> 
     </span>
     <span class='ocr_line' id='line_1_21' title="bbox 215 1616 1811 1687; baseline -0.004 -17"><span class='ocrx_word' id='word_1_169' title='bbox 215 1622 541 1687; x_wconf 87' lang='lat' dir='ltr'><strong>speculativis</strong></span> <span class='ocrx_word' id='word_1_170' title='bbox 601 1620 839 1676; x_wconf 85' lang='lat' dir='ltr'><strong>scientiis,</strong></span> <span class='ocrx_word' id='word_1_171' title='bbox 887 1627 948 1668; x_wconf 89' lang='lat' dir='ltr'><strong>ut</strong></span> <span class='ocrx_word' id='word_1_172' title='bbox 1000 1625 1077 1668; x_wconf 90' lang='lat' dir='ltr'><strong>est</strong></span> <span class='ocrx_word' id='word_1_173' title='bbox 1128 1618 1389 1683; x_wconf 88' lang='lat' dir='ltr'><strong>theologia</strong></span> <span class='ocrx_word' id='word_1_174' title='bbox 1440 1625 1494 1667; x_wconf 90' lang='lat' dir='ltr'><strong>et</strong></span> <span class='ocrx_word' id='word_1_175' title='bbox 1545 1616 1811 1672; x_wconf 90' lang='lat' dir='ltr'><strong>medicina,</strong></span> 
     </span>
     <span class='ocr_line' id='line_1_22' title="bbox 217 1684 1812 1750; baseline -0.004 -13"><span class='ocrx_word' id='word_1_176' title='bbox 217 1690 384 1737; x_wconf 88' lang='lat' dir='ltr'><strong>multo</strong></span> <span class='ocrx_word' id='word_1_177' title='bbox 431 1689 577 1737; x_wconf 86' lang='lat' dir='ltr'><strong>aliter</strong></span> <span class='ocrx_word' id='word_1_178' title='bbox 617 1687 910 1736; x_wconf 86' lang='lat' dir='ltr'><strong>faciendum</strong></span> <span class='ocrx_word' id='word_1_179' title='bbox 957 1693 1035 1735; x_wconf 88' lang='lat' dir='ltr'><strong>est</strong></span> <span class='ocrx_word' id='word_1_180' title='bbox 1084 1686 1123 1734; x_wconf 91' lang='lat' dir='ltr'><strong>si</strong></span> <span class='ocrx_word' id='word_1_181' title='bbox 1164 1686 1278 1750; x_wconf 88' lang='lat' dir='ltr'><strong>quis</strong></span> <span class='ocrx_word' id='word_1_182' title='bbox 1327 1686 1450 1735; x_wconf 90' lang='lat' dir='ltr'><strong>velit</strong></span> <span class='ocrx_word' id='word_1_183' title='bbox 1498 1702 1580 1733; x_wconf 90' lang='lat' dir='ltr'><strong>eas</strong></span> <span class='ocrx_word' id='word_1_184' title='bbox 1622 1684 1812 1732; x_wconf 89' lang='lat' dir='ltr'><strong>discere</strong></span> 
     </span>
     <span class='ocr_line' id='line_1_23' title="bbox 215 1753 1812 1821; baseline -0.003 -17"><span class='ocrx_word' id='word_1_185' title='bbox 215 1756 449 1821; x_wconf 85' lang='lat' dir='ltr'><strong>quamvis</strong></span> <span class='ocrx_word' id='word_1_186' title='bbox 468 1756 574 1821; x_wconf 86' lang='lat' dir='ltr'><strong>ipse</strong></span> <span class='ocrx_word' id='word_1_187' title='bbox 600 1756 756 1804; x_wconf 87' lang='lat' dir='ltr'><strong>etiam</strong></span> <span class='ocrx_word' id='word_1_188' title='bbox 776 1755 889 1803; x_wconf 86' lang='lat' dir='ltr'><strong>vult</strong></span> <span class='ocrx_word' id='word_1_189' title='bbox 908 1771 1015 1803; x_wconf 91' lang='lat' dir='ltr'><strong>esse</strong></span> <span class='ocrx_word' id='word_1_190' title='bbox 1032 1754 1320 1818; x_wconf 88' lang='lat' dir='ltr'><strong>theologus.</strong></span> <span class='ocrx_word' id='word_1_191' title='bbox 1386 1753 1502 1809; x_wconf 92' lang='lat' dir='ltr'><strong>Sed,</strong></span> <span class='ocrx_word' id='word_1_192' title='bbox 1519 1753 1651 1800; x_wconf 93' lang='lat' dir='ltr'><strong>bone</strong></span> <span class='ocrx_word' id='word_1_193' title='bbox 1670 1768 1812 1816; x_wconf 87' lang='lat' dir='ltr'><strong>prae-</strong></span> 
     </span>
     <span class='ocr_line' id='line_1_24' title="bbox 216 1819 1814 1889; baseline -0.004 -17"><span class='ocrx_word' id='word_1_194' title='bbox 216 1830 406 1889; x_wconf 90' lang='lat' dir='ltr'><strong>ceptor,</strong></span> <span class='ocrx_word' id='word_1_195' title='bbox 436 1823 600 1887; x_wconf 88' lang='lat' dir='ltr'><strong>qualis</strong></span> <span class='ocrx_word' id='word_1_196' title='bbox 627 1823 939 1887; x_wconf 72' lang='lat' dir='ltr'><strong>theologus?</strong></span> <span class='ocrx_word' id='word_1_197' title='bbox 980 1838 1166 1886; x_wconf 89' lang='lat' dir='ltr'><strong>nempe</strong></span> <span class='ocrx_word' id='word_1_198' title='bbox 1201 1820 1435 1885; x_wconf 88' lang='lat' dir='ltr'><strong>simplex,</strong></span> <span class='ocrx_word' id='word_1_199' title='bbox 1464 1820 1584 1884; x_wconf 90' lang='lat' dir='ltr'><strong>quia</strong></span> <span class='ocrx_word' id='word_1_200' title='bbox 1616 1819 1814 1867; x_wconf 88' lang='lat' dir='ltr'><strong>laborat</strong></span> 
     </span>
     <span class='ocr_line' id='line_1_25' title="bbox 214 1886 1810 1953; baseline -0.003 -14"><span class='ocrx_word' id='word_1_201' title='bbox 214 1896 421 1939; x_wconf 85' lang='lat' dir='ltr'><strong>tantum</strong></span> <span class='ocrx_word' id='word_1_202' title='bbox 451 1891 581 1939; x_wconf 89' lang='lat' dir='ltr'><strong>circa</strong></span> <span class='ocrx_word' id='word_1_203' title='bbox 616 1890 785 1945; x_wconf 87' lang='lat' dir='ltr'><strong>verba,</strong></span> <span class='ocrx_word' id='word_1_204' title='bbox 816 1896 870 1938; x_wconf 90' lang='lat' dir='ltr'><strong>et</strong></span> <span class='ocrx_word' id='word_1_205' title='bbox 903 1905 1007 1936; x_wconf 92' lang='lat' dir='ltr'><strong>non</strong></span> <span class='ocrx_word' id='word_1_206' title='bbox 1041 1894 1219 1953; x_wconf 88' lang='lat' dir='ltr'><strong>gustat</strong></span> <span class='ocrx_word' id='word_1_207' title='bbox 1253 1905 1331 1937; x_wconf 91' lang='lat' dir='ltr'><strong>res</strong></span> <span class='ocrx_word' id='word_1_208' title='bbox 1366 1887 1498 1953; x_wconf 89' lang='lat' dir='ltr'><strong>ipsas</strong></span> <span class='ocrx_word' id='word_1_209' title='bbox 1533 1886 1810 1936; x_wconf 78' lang='lat' dir='ltr'><strong>interiores,</strong></span> 
     </span>
     <span class='ocr_line' id='line_1_26' title="bbox 217 1953 1812 2022; baseline -0.003 -16"><span class='ocrx_word' id='word_1_210' title='bbox 217 1958 381 2007; x_wconf 90' lang='lat' dir='ltr'><strong>Sicuti</strong></span> <span class='ocrx_word' id='word_1_211' title='bbox 416 1958 554 2020; x_wconf 92' lang='lat' dir='ltr'><strong>(volo</strong></span> <span class='ocrx_word' id='word_1_212' title='bbox 585 1958 751 2006; x_wconf 87' lang='lat' dir='ltr'><strong>facere</strong></span> <span class='ocrx_word' id='word_1_213' title='bbox 783 1956 1034 2022; x_wconf 88' lang='lat' dir='ltr'><strong>optimam</strong></span> <span class='ocrx_word' id='word_1_214' title='bbox 1068 1955 1524 2021; x_wconf 88' lang='lat' dir='ltr'><strong>comparationem)</strong></span> <span class='ocrx_word' id='word_1_215' title='bbox 1559 1953 1599 2002; x_wconf 93' lang='lat' dir='ltr'><strong>si</strong></span> <span class='ocrx_word' id='word_1_216' title='bbox 1632 1953 1812 2016; x_wconf 89' lang='lat' dir='ltr'><strong>aliquis</strong></span> 
     </span>
     <span class='ocr_line' id='line_1_27' title="bbox 215 2023 1811 2088; baseline -0.004 -14"><span class='ocrx_word' id='word_1_217' title='bbox 215 2025 339 2074; x_wconf 87' lang='lat' dir='ltr'><strong>velit</strong></span> <span class='ocrx_word' id='word_1_218' title='bbox 364 2026 631 2074; x_wconf 91' lang='lat' dir='ltr'><strong>comedere</strong></span> <span class='ocrx_word' id='word_1_219' title='bbox 656 2041 842 2073; x_wconf 90' lang='lat' dir='ltr'><strong>nucem</strong></span> <span class='ocrx_word' id='word_1_220' title='bbox 868 2030 920 2073; x_wconf 91' lang='lat' dir='ltr'><strong>et</strong></span> <span class='ocrx_word' id='word_1_221' title='bbox 946 2024 1236 2072; x_wconf 83' lang='lat' dir='ltr'><strong>comederet</strong></span> <span class='ocrx_word' id='word_1_222' title='bbox 1261 2023 1571 2088; x_wconf 90' lang='lat' dir='ltr'><strong>superiorem</strong></span> <span class='ocrx_word' id='word_1_223' title='bbox 1596 2027 1811 2086; x_wconf 89' lang='lat' dir='ltr'><strong>partem,</strong></span> 
     </span>
     <span class='ocr_line' id='line_1_28' title="bbox 214 2087 1813 2156; baseline -0.004 -15"><span class='ocrx_word' id='word_1_224' title='bbox 214 2100 267 2142; x_wconf 92' lang='lat' dir='ltr'><strong>et</strong></span> <span class='ocrx_word' id='word_1_225' title='bbox 291 2093 533 2141; x_wconf 90' lang='lat' dir='ltr'><strong>nucleum</strong></span> <span class='ocrx_word' id='word_1_226' title='bbox 558 2109 825 2156; x_wconf 91' lang='lat' dir='ltr'><strong>nunquam</strong></span> <span class='ocrx_word' id='word_1_227' title='bbox 851 2090 1159 2155; x_wconf 88' lang='lat' dir='ltr'><strong>attingeret:</strong></span> <span class='ocrx_word' id='word_1_228' title='bbox 1193 2090 1262 2138; x_wconf 91' lang='lat' dir='ltr'><strong>sic</strong></span> <span class='ocrx_word' id='word_1_229' title='bbox 1287 2090 1444 2139; x_wconf 88' lang='lat' dir='ltr'><strong>etiam</strong></span> <span class='ocrx_word' id='word_1_230' title='bbox 1470 2096 1547 2138; x_wconf 90' lang='lat' dir='ltr'><strong>est</strong></span> <span class='ocrx_word' id='word_1_231' title='bbox 1573 2106 1692 2137; x_wconf 92' lang='lat' dir='ltr'><strong>cum</strong></span> <span class='ocrx_word' id='word_1_232' title='bbox 1717 2087 1813 2136; x_wconf 92' lang='lat' dir='ltr'><strong>illis</strong></span> 
     </span>
     <span class='ocr_line' id='line_1_29' title="bbox 215 2155 1813 2208; baseline -0.003 0"><span class='ocrx_word' id='word_1_233' title='bbox 215 2160 498 2208; x_wconf 86' lang='lat' dir='ltr'><strong>secundum</strong></span> <span class='ocrx_word' id='word_1_234' title='bbox 546 2177 721 2208; x_wconf 88' lang='lat' dir='ltr'><strong>meum</strong></span> <span class='ocrx_word' id='word_1_235' title='bbox 769 2159 1015 2207; x_wconf 91' lang='lat' dir='ltr'><strong>obtusum</strong></span> <span class='ocrx_word' id='word_1_236' title='bbox 1062 2158 1400 2206; x_wconf 83' lang='lat' dir='ltr'><strong>intellectum.</strong></span> <span class='ocrx_word' id='word_1_237' title='bbox 1498 2157 1599 2205; x_wconf 90' lang='lat' dir='ltr'><strong>Sed</strong></span> <span class='ocrx_word' id='word_1_238' title='bbox 1645 2155 1813 2204; x_wconf 90' lang='lat' dir='ltr'><strong>multo</strong></span> 
     </span>
     <span class='ocr_line' id='line_1_30' title="bbox 214 2223 1813 2292; baseline -0.003 -17"><span class='ocrx_word' id='word_1_239' title='bbox 214 2227 361 2276; x_wconf 90' lang='lat' dir='ltr'><strong>aliter</strong></span> <span class='ocrx_word' id='word_1_240' title='bbox 385 2227 669 2292; x_wconf 88' lang='lat' dir='ltr'><strong>intelligitis</strong></span> <span class='ocrx_word' id='word_1_241' title='bbox 705 2243 860 2290; x_wconf 88' lang='lat' dir='ltr'><strong>quam</strong></span> <span class='ocrx_word' id='word_1_242' title='bbox 886 2243 998 2290; x_wconf 93' lang='lat' dir='ltr'><strong>ego,</strong></span> <span class='ocrx_word' id='word_1_243' title='bbox 1023 2225 1143 2289; x_wconf 86' lang='lat' dir='ltr'><strong>quia</strong></span> <span class='ocrx_word' id='word_1_244' title='bbox 1167 2225 1319 2273; x_wconf 90' lang='lat' dir='ltr'><strong>audio</strong></span> <span class='ocrx_word' id='word_1_245' title='bbox 1354 2225 1493 2289; x_wconf 92' lang='lat' dir='ltr'><strong>quod</strong></span> <span class='ocrx_word' id='word_1_246' title='bbox 1529 2223 1630 2272; x_wconf 89' lang='lat' dir='ltr'><strong>iam</strong></span> <span class='ocrx_word' id='word_1_247' title='bbox 1655 2223 1813 2271; x_wconf 89' lang='lat' dir='ltr'><strong>etiam</strong></span> 
     </span>
     <span class='ocr_line' id='line_1_31' title="bbox 215 2290 1813 2359; baseline -0.003 -17"><span class='ocrx_word' id='word_1_248' title='bbox 215 2294 372 2342; x_wconf 79' lang='lat' dir='ltr'><strong>vultis</strong></span> <span class='ocrx_word' id='word_1_249' title='bbox 409 2294 633 2359; x_wconf 86' lang='lat' dir='ltr'><strong>accipere</strong></span> <span class='ocrx_word' id='word_1_250' title='bbox 673 2299 972 2342; x_wconf 88' lang='lat' dir='ltr'><strong>ornamenta</strong></span> <span class='ocrx_word' id='word_1_251' title='bbox 1013 2292 1293 2341; x_wconf 88' lang='lat' dir='ltr'><strong>doctoralia</strong></span> <span class='ocrx_word' id='word_1_252' title='bbox 1332 2292 1384 2340; x_wconf 92' lang='lat' dir='ltr'><strong>in</strong></span> <span class='ocrx_word' id='word_1_253' title='bbox 1423 2290 1712 2355; x_wconf 87' lang='lat' dir='ltr'><strong>theologia:</strong></span> <span class='ocrx_word' id='word_1_254' title='bbox 1749 2290 1813 2337; x_wconf 90' lang='lat' dir='ltr'><strong>ad</strong></span> 
     </span>
     <span class='ocr_line' id='line_1_32' title="bbox 214 2359 1810 2425; baseline -0.003 -16"><span class='ocrx_word' id='word_1_255' title='bbox 214 2362 355 2425; x_wconf 90' lang='lat' dir='ltr'><strong>quod</strong></span> <span class='ocrx_word' id='word_1_256' title='bbox 383 2362 509 2409; x_wconf 91' lang='lat' dir='ltr'><strong>deus</strong></span> <span class='ocrx_word' id='word_1_257' title='bbox 534 2368 587 2410; x_wconf 90' lang='lat' dir='ltr'><strong>et</strong></span> <span class='ocrx_word' id='word_1_258' title='bbox 612 2367 788 2409; x_wconf 87' lang='lat' dir='ltr'><strong>sancta</strong></span> <span class='ocrx_word' id='word_1_259' title='bbox 820 2360 900 2409; x_wconf 92' lang='lat' dir='ltr'><strong>dei</strong></span> <span class='ocrx_word' id='word_1_260' title='bbox 935 2360 1158 2425; x_wconf 86' lang='lat' dir='ltr'><strong>genitrix</strong></span> <span class='ocrx_word' id='word_1_261' title='bbox 1184 2359 1348 2408; x_wconf 90' lang='lat' dir='ltr'><strong>velint</strong></span> <span class='ocrx_word' id='word_1_262' title='bbox 1373 2376 1463 2406; x_wconf 88' lang='lat' dir='ltr'><strong>vos</strong></span> <span class='ocrx_word' id='word_1_263' title='bbox 1498 2374 1810 2424; x_wconf 86' lang='lat' dir='ltr'><strong>promovere.</strong></span> 
     </span>
     <span class='ocr_line' id='line_1_33' title="bbox 217 2426 1812 2493; baseline -0.004 -16"><span class='ocrx_word' id='word_1_264' title='bbox 217 2429 318 2477; x_wconf 91' lang='lat' dir='ltr'><strong>Sed</strong></span> <span class='ocrx_word' id='word_1_265' title='bbox 359 2435 535 2477; x_wconf 88' lang='lat' dir='ltr'><strong>tamen</strong></span> <span class='ocrx_word' id='word_1_266' title='bbox 576 2429 672 2476; x_wconf 92' lang='lat' dir='ltr'><strong>hoc</strong></span> <span class='ocrx_word' id='word_1_267' title='bbox 719 2427 834 2476; x_wconf 89' lang='lat' dir='ltr'><strong>dico</strong></span> <span class='ocrx_word' id='word_1_268' title='bbox 876 2445 966 2493; x_wconf 90' lang='lat' dir='ltr'><strong>pro</strong></span> <span class='ocrx_word' id='word_1_269' title='bbox 1009 2445 1108 2483; x_wconf 90' lang='lat' dir='ltr'><strong>me,</strong></span> <span class='ocrx_word' id='word_1_270' title='bbox 1152 2443 1216 2475; x_wconf 93' lang='lat' dir='ltr'><strong>ne</strong></span> <span class='ocrx_word' id='word_1_271' title='bbox 1256 2428 1376 2475; x_wconf 87' lang='lat' dir='ltr'><strong>fiam</strong></span> <span class='ocrx_word' id='word_1_272' title='bbox 1417 2426 1616 2491; x_wconf 88' lang='lat' dir='ltr'><strong>longior</strong></span> <span class='ocrx_word' id='word_1_273' title='bbox 1656 2441 1812 2488; x_wconf 90' lang='lat' dir='ltr'><strong>quam</strong></span> 
     </span>
     <span class='ocr_line' id='line_1_34' title="bbox 214 2491 1812 2561; baseline -0.004 -17"><span class='ocrx_word' id='word_1_274' title='bbox 214 2496 469 2561; x_wconf 86' lang='lat' dir='ltr'><strong>proposui,</strong></span> <span class='ocrx_word' id='word_1_275' title='bbox 495 2496 635 2559; x_wconf 90' lang='lat' dir='ltr'><strong>quod</strong></span> <span class='ocrx_word' id='word_1_276' title='bbox 660 2495 814 2544; x_wconf 87' lang='lat' dir='ltr'><strong>velim</strong></span> <span class='ocrx_word' id='word_1_277' title='bbox 846 2495 961 2559; x_wconf 91' lang='lat' dir='ltr'><strong>plus</strong></span> <span class='ocrx_word' id='word_1_278' title='bbox 984 2495 1244 2559; x_wconf 87' lang='lat' dir='ltr'><strong>acquirere</strong></span> <span class='ocrx_word' id='word_1_279' title='bbox 1268 2511 1384 2542; x_wconf 90' lang='lat' dir='ltr'><strong>mea</strong></span> <span class='ocrx_word' id='word_1_280' title='bbox 1406 2500 1514 2541; x_wconf 89' lang='lat' dir='ltr'><strong>arte</strong></span> <span class='ocrx_word' id='word_1_281' title='bbox 1540 2492 1601 2557; x_wconf 92' lang='lat' dir='ltr'><strong>(si</strong></span> <span class='ocrx_word' id='word_1_282' title='bbox 1631 2491 1812 2539; x_wconf 90' lang='lat' dir='ltr'><strong>saltem</strong></span> 
     </span>
     <span class='ocr_line' id='line_1_35' title="bbox 215 2558 1813 2624; baseline -0.003 -14"><span class='ocrx_word' id='word_1_283' title='bbox 215 2564 340 2612; x_wconf 89' lang='lat' dir='ltr'><strong>deus</strong></span> <span class='ocrx_word' id='word_1_284' title='bbox 356 2564 659 2612; x_wconf 88' lang='lat' dir='ltr'><strong>concederet</strong></span> <span class='ocrx_word' id='word_1_285' title='bbox 674 2562 813 2619; x_wconf 87' lang='lat' dir='ltr'><strong>mihi,</strong></span> <span class='ocrx_word' id='word_1_286' title='bbox 831 2569 891 2611; x_wconf 90' lang='lat' dir='ltr'><strong>ut</strong></span> <span class='ocrx_word' id='word_1_287' title='bbox 906 2562 1146 2610; x_wconf 88' lang='lat' dir='ltr'><strong>haberem</strong></span> <span class='ocrx_word' id='word_1_288' title='bbox 1163 2561 1355 2609; x_wconf 91' lang='lat' dir='ltr'><strong>multos</strong></span> <span class='ocrx_word' id='word_1_289' title='bbox 1371 2562 1623 2624; x_wconf 89' lang='lat' dir='ltr'><strong>aegrotos)</strong></span> <span class='ocrx_word' id='word_1_290' title='bbox 1642 2558 1694 2606; x_wconf 92' lang='lat' dir='ltr'><strong>in</strong></span> <span class='ocrx_word' id='word_1_291' title='bbox 1711 2575 1813 2606; x_wconf 87' lang='lat' dir='ltr'><strong>una</strong></span> 
     </span>
     <span class='ocr_line' id='line_1_36' title="bbox 216 2627 1809 2695; baseline -0.003 -18"><span class='ocrx_word' id='word_1_292' title='bbox 216 2630 498 2695; x_wconf 86' lang='lat' dir='ltr'><strong>septimana</strong></span> <span class='ocrx_word' id='word_1_293' title='bbox 528 2647 684 2694; x_wconf 89' lang='lat' dir='ltr'><strong>quam</strong></span> <span class='ocrx_word' id='word_1_294' title='bbox 721 2630 968 2678; x_wconf 90' lang='lat' dir='ltr'><strong>Erasmus</strong></span> <span class='ocrx_word' id='word_1_295' title='bbox 994 2629 1074 2678; x_wconf 88' lang='lat' dir='ltr'><strong>vel</strong></span> <span class='ocrx_word' id='word_1_296' title='bbox 1103 2628 1231 2677; x_wconf 90' lang='lat' dir='ltr'><strong>alius</strong></span> <span class='ocrx_word' id='word_1_297' title='bbox 1263 2634 1417 2693; x_wconf 85' lang='lat' dir='ltr'><strong>poeta</strong></span> <span class='ocrx_word' id='word_1_298' title='bbox 1445 2627 1497 2674; x_wconf 90' lang='lat' dir='ltr'><strong>in</strong></span> <span class='ocrx_word' id='word_1_299' title='bbox 1528 2642 1631 2675; x_wconf 92' lang='lat' dir='ltr'><strong>uno</strong></span> <span class='ocrx_word' id='word_1_300' title='bbox 1661 2641 1809 2673; x_wconf 83' lang='lat' dir='ltr'><strong>anno.</strong></span> 
     </span>
     <span class='ocr_line' id='line_1_37' title="bbox 216 2693 1814 2762; baseline -0.003 -18"><span class='ocrx_word' id='word_1_301' title='bbox 216 2698 290 2745; x_wconf 86' lang='lat' dir='ltr'><strong>Et</strong></span> <span class='ocrx_word' id='word_1_302' title='bbox 314 2697 410 2745; x_wconf 93' lang='lat' dir='ltr'><strong>hoc</strong></span> <span class='ocrx_word' id='word_1_303' title='bbox 437 2698 655 2745; x_wconf 89' lang='lat' dir='ltr'><strong>sufficiat</strong></span> <span class='ocrx_word' id='word_1_304' title='bbox 683 2713 775 2762; x_wconf 92' lang='lat' dir='ltr'><strong>pro</strong></span> <span class='ocrx_word' id='word_1_305' title='bbox 800 2714 953 2753; x_wconf 90' lang='lat' dir='ltr'><strong>nunc,</strong></span> <span class='ocrx_word' id='word_1_306' title='bbox 980 2703 1032 2744; x_wconf 90' lang='lat' dir='ltr'><strong>et</strong></span> <span class='ocrx_word' id='word_1_307' title='bbox 1055 2696 1279 2744; x_wconf 88' lang='lat' dir='ltr'><strong>habeant</strong></span> <span class='ocrx_word' id='word_1_308' title='bbox 1303 2695 1396 2743; x_wconf 90' lang='lat' dir='ltr'><strong>sibi</strong></span> <span class='ocrx_word' id='word_1_309' title='bbox 1422 2694 1544 2741; x_wconf 88' lang='lat' dir='ltr'><strong>hoc:</strong></span> <span class='ocrx_word' id='word_1_310' title='bbox 1581 2693 1702 2756; x_wconf 89' lang='lat' dir='ltr'><strong>quia</strong></span> <span class='ocrx_word' id='word_1_311' title='bbox 1726 2709 1814 2756; x_wconf 91' lang='lat' dir='ltr'><strong>per</strong></span> 
     </span>
     <span class='ocr_line' id='line_1_38' title="bbox 216 2758 1813 2824; baseline -0.003 -13"><span class='ocrx_word' id='word_1_312' title='bbox 216 2764 371 2811; x_wconf 90' lang='lat' dir='ltr'><strong>deum</strong></span> <span class='ocrx_word' id='word_1_313' title='bbox 395 2764 496 2812; x_wconf 88' lang='lat' dir='ltr'><strong>iam</strong></span> <span class='ocrx_word' id='word_1_314' title='bbox 521 2764 746 2814; x_wconf 85' lang='lat' dir='ltr'><strong>maxime</strong></span> <span class='ocrx_word' id='word_1_315' title='bbox 768 2764 844 2812; x_wconf 86' lang='lat' dir='ltr'><strong>fui</strong></span> <span class='ocrx_word' id='word_1_316' title='bbox 873 2763 1030 2811; x_wconf 89' lang='lat' dir='ltr'><strong>iratus</strong></span> <span class='ocrx_word' id='word_1_317' title='bbox 1050 2781 1060 2812; x_wconf 72' lang='grc' dir='ltr'><strong><em>ι</em></strong></span> <span class='ocrx_word' id='word_1_318' title='bbox 1097 2763 1194 2810; x_wconf 90' lang='lat' dir='ltr'><strong>alia</strong></span> <span class='ocrx_word' id='word_1_319' title='bbox 1218 2763 1328 2810; x_wconf 87' lang='lat' dir='ltr'><strong>vice</strong></span> <span class='ocrx_word' id='word_1_320' title='bbox 1352 2760 1469 2809; x_wconf 80' lang='lat' dir='ltr'><strong>volo</strong></span> <span class='ocrx_word' id='word_1_321' title='bbox 1494 2760 1638 2808; x_wconf 82' lang='lat' dir='ltr'><strong>vobis</strong></span> <span class='ocrx_word' id='word_1_322' title='bbox 1666 2758 1813 2824; x_wconf 88' lang='lat' dir='ltr'><strong>plura</strong></span> 
     </span>
     <span class='ocr_line' id='line_1_39' title="bbox 217 2827 1812 2892; baseline -0.003 -15"><span class='ocrx_word' id='word_1_323' title='bbox 217 2830 416 2878; x_wconf 89' lang='lat' dir='ltr'><strong>novalia</strong></span> <span class='ocrx_word' id='word_1_324' title='bbox 447 2831 674 2880; x_wconf 85' lang='lat' dir='ltr'><strong>scribere.</strong></span> <span class='ocrx_word' id='word_1_325' title='bbox 747 2831 923 2879; x_wconf 66' lang='lat' dir='ltr'><strong>vivite</strong></span> <span class='ocrx_word' id='word_1_326' title='bbox 948 2837 1000 2878; x_wconf 91' lang='lat' dir='ltr'><strong>et</strong></span> <span class='ocrx_word' id='word_1_327' title='bbox 1026 2830 1194 2878; x_wconf 86' lang='lat' dir='ltr'><strong>valete</strong></span> <span class='ocrx_word' id='word_1_328' title='bbox 1217 2845 1374 2892; x_wconf 89' lang='lat' dir='ltr'><strong>quam</strong></span> <span class='ocrx_word' id='word_1_329' title='bbox 1403 2827 1491 2874; x_wconf 93' lang='lat' dir='ltr'><strong>diu</strong></span> <span class='ocrx_word' id='word_1_330' title='bbox 1515 2844 1648 2874; x_wconf 91' lang='lat' dir='ltr'><strong>unus</strong></span> <span class='ocrx_word' id='word_1_331' title='bbox 1672 2827 1812 2875; x_wconf 88' lang='lat' dir='ltr'><strong>fenix</strong></span> 
     </span>
     <span class='ocr_line' id='line_1_40' title="bbox 216 2893 1812 2962; baseline -0.001 -18"><span class='ocrx_word' id='word_1_332' title='bbox 216 2897 387 2945; x_wconf 78' lang='lat' dir='ltr'><strong>vivere</strong></span> <span class='ocrx_word' id='word_1_333' title='bbox 426 2904 625 2962; x_wconf 82' lang='lat' dir='ltr'><strong>potest:</strong></span> <span class='ocrx_word' id='word_1_334' title='bbox 668 2899 807 2961; x_wconf 88' lang='lat' dir='ltr'><strong>quod</strong></span> <span class='ocrx_word' id='word_1_335' title='bbox 852 2898 977 2946; x_wconf 92' lang='lat' dir='ltr'><strong>dent</strong></span> <span class='ocrx_word' id='word_1_336' title='bbox 1019 2897 1162 2945; x_wconf 87' lang='lat' dir='ltr'><strong>vobis</strong></span> <span class='ocrx_word' id='word_1_337' title='bbox 1199 2912 1375 2943; x_wconf 92' lang='lat' dir='ltr'><strong>omnes</strong></span> <span class='ocrx_word' id='word_1_338' title='bbox 1418 2894 1578 2942; x_wconf 90' lang='lat' dir='ltr'><strong>sancti</strong></span> <span class='ocrx_word' id='word_1_339' title='bbox 1624 2893 1722 2947; x_wconf 88' lang='lat' dir='ltr'><strong>dei,</strong></span> <span class='ocrx_word' id='word_1_340' title='bbox 1759 2900 1812 2943; x_wconf 91' lang='lat' dir='ltr'><strong>et</strong></span> 
     </span>
     <span class='ocr_line' id='line_1_41' title="bbox 216 2962 1314 3029; baseline -0.001 -19"><span class='ocrx_word' id='word_1_341' title='bbox 216 2980 300 3012; x_wconf 85' lang='lat' dir='ltr'><strong>me</strong></span> <span class='ocrx_word' id='word_1_342' title='bbox 324 2963 521 3028; x_wconf 91' lang='lat' dir='ltr'><strong>diligite</strong></span> <span class='ocrx_word' id='word_1_343' title='bbox 546 2964 677 3013; x_wconf 91' lang='lat' dir='ltr'><strong>sicut</strong></span> <span class='ocrx_word' id='word_1_344' title='bbox 700 2965 866 3012; x_wconf 89' lang='lat' dir='ltr'><strong>adhuc</strong></span> <span class='ocrx_word' id='word_1_345' title='bbox 891 2981 1089 3029; x_wconf 87' lang='lat' dir='ltr'><strong>semper</strong></span> <span class='ocrx_word' id='word_1_346' title='bbox 1111 2962 1314 3012; x_wconf 82' lang='lat' dir='ltr'><strong>fecistis,</strong></span> 
     </span>
    </p>
   </div>
   <div class='ocr_carea' id='block_1_3' title="bbox 326 3048 895 3086">
    <p class='ocr_par' dir='ltr' id='par_1_3' title="bbox 326 3048 895 3086">
     <span class='ocr_line' id='line_1_42' title="bbox 326 3048 895 3086; baseline 0.002 -2"><span class='ocrx_word' id='word_1_347' title='bbox 326 3048 477 3085; x_wconf 87' lang='lat' dir='ltr'><strong>Datum</strong></span> <span class='ocrx_word' id='word_1_348' title='bbox 508 3050 548 3085; x_wconf 90' lang='lat' dir='ltr'><strong>in</strong></span> <span class='ocrx_word' id='word_1_349' title='bbox 581 3048 895 3086; x_wconf 69' lang='lat' dir='ltr'><strong>HEYDELBEnGA.</strong></span> 
     </span>
    </p>
   </div>
   <div class='ocr_carea' id='block_1_4' title="bbox 967 3182 1059 3226">
    <p class='ocr_par' dir='ltr' id='par_1_4' title="bbox 967 3182 1059 3226">
     <span class='ocr_line' id='line_1_43' title="bbox 967 3182 1059 3226; baseline 0.043 -4"><span class='ocrx_word' id='word_1_350' title='bbox 967 3182 1059 3226; x_wconf 75' lang='lat'><strong>107</strong></span> 
     </span>
    </p>
   </div>
   <div class='ocr_carea' id='block_1_5' title="bbox 1846 627 1884 658">
    <p class='ocr_par' dir='ltr' id='par_1_5' title="bbox 1846 627 1884 658">
     <span class='ocr_line' id='line_1_44' title="bbox 1846 627 1884 658; baseline -0.053 0"><span class='ocrx_word' id='word_1_351' title='bbox 1846 627 1884 658; x_wconf 77' lang='lat'><strong>75</strong></span> 
     </span>
    </p>
   </div>
   <div class='ocr_carea' id='block_1_6' title="bbox 1847 967 1885 995">
    <p class='ocr_par' dir='ltr' id='par_1_6' title="bbox 1847 967 1885 995">
     <span class='ocr_line' id='line_1_45' title="bbox 1847 967 1885 995; baseline 0 0"><span class='ocrx_word' id='word_1_352' title='bbox 1847 967 1885 995; x_wconf 76' lang='grc'><strong>80</strong></span> 
     </span>
    </p>
   </div>
   <div class='ocr_carea' id='block_1_7' title="bbox 1847 1301 1886 1331">
    <p class='ocr_par' dir='ltr' id='par_1_7' title="bbox 1847 1301 1886 1331">
     <span class='ocr_line' id='line_1_46' title="bbox 1847 1301 1886 1331; baseline -0.026 0"><span class='ocrx_word' id='word_1_353' title='bbox 1847 1301 1886 1331; x_wconf 83' lang='grc'><strong>85</strong></span> 
     </span>
    </p>
   </div>
   <div class='ocr_carea' id='block_1_8' title="bbox 1848 1636 1886 1666">
    <p class='ocr_par' dir='ltr' id='par_1_8' title="bbox 1848 1636 1886 1666">
     <span class='ocr_line' id='line_1_47' title="bbox 1848 1636 1886 1666; baseline 0.026 -1"><span class='ocrx_word' id='word_1_354' title='bbox 1848 1636 1886 1666; x_wconf 82' lang='grc'><strong>90</strong></span> 
     </span>
    </p>
   </div>
   <div class='ocr_carea' id='block_1_9' title="bbox 1847 1976 1885 2006">
    <p class='ocr_par' dir='ltr' id='par_1_9' title="bbox 1847 1976 1885 2006">
     <span class='ocr_line' id='line_1_48' title="bbox 1847 1976 1885 2006; baseline 0.026 -1"><span class='ocrx_word' id='word_1_355' title='bbox 1847 1976 1885 2006; x_wconf 85' lang='grc'><strong>95</strong></span> 
     </span>
    </p>
   </div>
   <div class='ocr_carea' id='block_1_10' title="bbox 1849 2312 1904 2342">
    <p class='ocr_par' dir='ltr' id='par_1_10' title="bbox 1849 2312 1904 2342">
     <span class='ocr_line' id='line_1_49' title="bbox 1849 2312 1904 2342; baseline -0.018 0"><span class='ocrx_word' id='word_1_356' title='bbox 1849 2312 1904 2342; x_wconf 80' lang='lat'><strong>100</strong></span> 
     </span>
    </p>
   </div>
   <div class='ocr_carea' id='block_1_11' title="bbox 1848 2643 1905 2673">
    <p class='ocr_par' dir='ltr' id='par_1_11' title="bbox 1848 2643 1905 2673">
     <span class='ocr_line' id='line_1_50' title="bbox 1848 2643 1905 2673; baseline 0 0"><span class='ocrx_word' id='word_1_357' title='bbox 1848 2643 1905 2673; x_wconf 82' lang='lat'><strong>105</strong></span> 
     </span>
    </p>
   </div>
   <div class='ocr_carea' id='block_1_12' title="bbox 1846 2976 1903 3006">
    <p class='ocr_par' dir='ltr' id='par_1_12' title="bbox 1846 2976 1903 3006">
     <span class='ocr_line' id='line_1_51' title="bbox 1846 2976 1903 3006; baseline -0.018 0"><span class='ocrx_word' id='word_1_358' title='bbox 1846 2976 1903 3006; x_wconf 87' lang='lat'><strong>110</strong></span> 
     </span>
    </p>
   </div>
  </div>
 </body>
</html>
