2247 3637
410 300 458 353 E
471 299 878 355 PISTOLAE
940 299 1530 357 OBSCURORUM
1585 301 1994 357 VIRORUM

333 427 370 455 τυ
407 409 555 455 Tune
582 410 686 456 Ma.
710 426 790 456 no.
816 409 916 456 Iac.
939 416 1113 472 aperte
1139 410 1354 457 minavit
1380 410 1425 457 ei
1450 410 1650 458 dicens:
1692 418 1719 436 ‘⁶
1743 411 1859 474 Ego
1879 411 1996 458 volo

405 475 569 523 faeere
602 477 739 539 quod
780 476 1062 539 paenitebit
1100 483 1152 524 te
1195 478 1334 539 quod
1375 494 1603 540 unquam
1629 477 1804 524 dixisti
1834 494 1995 525 unum

406 543 618 590 verbum
660 560 751 607 pro
795 543 1090 590 Reuehlin.”
1180 544 1254 591 Et
1295 544 1464 592 audivi
1503 545 1565 591 ab
1608 560 1692 590 ore
1728 544 1834 591 eius
1869 550 1994 591 tune

403 610 648 673 temporis
673 610 811 673 quod
838 610 983 664 dixit,
1011 610 1235 665 Quando
1260 611 1468 658 haberet
1487 612 1792 658 sententiam
1819 618 1995 659 eontra

407 676 678 732 Reuehlin‚
706 684 830 724 tune
868 677 1043 724 statim
1071 677 1222 725 vellet
1259 678 1404 725 illum
1441 678 1704 726 doctorem
1741 679 1803 725 de
1835 678 1993 724 Wick

334 760 370 790 75
406 743 559 791 citare
585 751 637 791 et
663 744 914 791 declarare
940 760 1057 791 eum
1084 744 1395 792 haereticum
1418 765 1425 793 :
1463 745 1581 807 quia
1607 762 1668 792 ex
1695 744 1859 793 verbis
1888 744 1995 792 eius

405 810 610 874 collegit
652 811 846 873 aliquos
889 811 1128 858 articulos
1168 812 1506 859 haeretieales.
1599 812 1699 859 Sed
1743 828 1877 859 nune
1917 819 1994 860 est

403 877 554 925 aliud.
628 877 702 924 Et
728 878 942 925 credatis
969 878 1093 925 mihi
1118 880 1255 941 quod
1282 896 1383 926 non
1404 880 1533 926 bene
1558 885 1660 926 stat
1693 879 1993 942 negocium:

403 945 523 1007 quia
560 961 694 991 nune
732 961 930 1009 semper
968 952 1089 992 sunt
1132 946 1186 993 X
1222 947 1446 993 fautores
1487 947 1558 992 Io.
1600 946 1870 997 Reuehlin,
1909 945 1996 992 ubi

402 1028 503 1059 non
541 1018 618 1058 est
651 1028 781 1058 unus
807 1012 1202 1075 Tloeologorum.
1276 1013 1348 1060 Et
1381 1013 1587 1075 quando
1620 1013 1719 1060 fuit
1749 1020 1863 1077 post
1897 1013 1994 1059 dis-

331 1098 368 1127 so
401 1085 643 1142 putatum
685 1096 713 1125 a
761 1078 1035 1141 Theologis
1083 1086 1334 1135 votatum,
1384 1087 1508 1127 tune
1545 1080 1753 1127 fuerunt
1791 1080 1993 1127 XVIII

401 1145 489 1207 qui
543 1152 851 1193 votaverunt
904 1163 995 1210 pro
1043 1146 1300 1194 Reuehlin
1348 1154 1399 1194 et
1443 1147 1604 1194 solum
1656 1154 1854 1211 septem
1904 1163 1994 1211 pro

402 1212 692 1276 Theologis.
783 1213 856 1260 Et
913 1213 977 1260 ad
1037 1214 1135 1261 hue
1200 1213 1271 1261 illi
1330 1221 1526 1278 septem
1586 1231 1689 1261 non
1754 1213 1994 1261 dixerunt

400 1280 539 1342 quod
580 1280 788 1327 deberet
837 1281 1065 1328 comburi
1115 1281 1392 1344 Speculum
1443 1281 1676 1336 Oculare,
1716 1282 1803 1330 sed
1862 1280 1993 1327 limi-

400 1352 642 1394 taverunt
678 1347 831 1394 verba
867 1364 968 1395 sua.
1043 1348 1184 1411 Ergo
1220 1365 1323 1395 non
1367 1348 1529 1396 habeo
1567 1349 1752 1396 bonam
1791 1365 1994 1412 speran-

327 1432 365 1462 35
399 1413 539 1462 tiam.
635 1414 742 1461 Vos
781 1414 978 1462 debetis
1020 1414 1191 1462 omnia
1226 1415 1391 1463 faeere
1427 1432 1556 1478 quae
1599 1416 1812 1479 potestis
1854 1414 1993 1478 quod

401 1480 646 1528 moriatur
686 1481 768 1528 ille
813 1482 886 1529 Io.
926 1482 988 1529 de
1028 1482 1202 1538 Wiek,
1239 1483 1358 1546 quia
1401 1482 1506 1546 ipse
1548 1491 1625 1530 est
1666 1500 1815 1531 causa
1851 1482 1991 1545 quod

401 1547 657 1596 Reuehlin
702 1548 829 1596 bene
872 1555 973 1596 stat
1015 1557 1067 1596 et
1110 1550 1359 1614 Theologi
1403 1550 1548 1597 male.
1623 1551 1696 1598 Et
1743 1549 1836 1597 nisi
1885 1549 1991 1613 ipse

398 1615 592 1670 fuisset,
641 1615 756 1662 talis
803 1632 907 1663 non
953 1616 1169 1664 fuissent
1216 1623 1519 1681 perpetrata.
1592 1617 1666 1665 Et
1719 1617 1787 1665 sie
1843 1616 1991 1664 eredo

398 1683 536 1744 quod
584 1683 712 1730 bene
760 1682 994 1746 expedivi
1042 1699 1125 1731 me
1173 1684 1436 1731 seribendo
1484 1685 1622 1746 quod
1670 1691 1847 1750 postea
1889 1699 1991 1731 non

326 1767 364 1795 90
397 1750 611 1812 potestis
655 1749 778 1796 mihi
827 1750 1041 1797 seribere
1087 1750 1210 1797 talia
1257 1751 1521 1815 vituperia.
1607 1752 1748 1816 Ergo
1793 1750 1988 1798 Valete.

400 1817 601 1864 Datum
638 1817 902 1865 Romanae
937 1817 1133 1865 Curiae.

1136 2112 1266 2158 LIV

681 2248 742 2294 GE
791 2247 960 2293 WIL
972 2248 1158 2294 HEL
1170 2249 1351 2296 Mus*
1396 2250 1445 2295 B
1464 2249 1661 2297 RIUO
1679 2250 1728 2295 'l'

907 2316 983 2362 ill.
1029 2316 1243 2363 Ortvino
1284 2317 1472 2363 Gralio

512 2449 651 2496 UIA
681 2465 881 2512 semper
916 2450 1089 2513 petitis
1125 2451 1267 2513 quod
1294 2452 1409 2498 volo
1435 2452 1577 2498 vobis
1604 2468 1736 2499 nova
1761 2452 1994 2507 seribere,

399 2450 504 2591 Q
544 2522 596 2563 et
632 2533 727 2579 ego
760 2523 934 2563 tamen
972 2534 1119 2580 saepe
1156 2518 1318 2565 seribo
1357 2520 1517 2573 vobis,
1556 2519 1642 2565 sed
1681 2536 1781 2565 non
1822 2519 1994 2567 iuvat:

349 2606 366 2633 Γ,
400 2600 521 2647 ergo
547 2583 732 2630 iterum
759 2584 973 2630 seribere
1010 2583 1152 2631 vobis
1180 2585 1310 2639 volo,
1338 2592 1390 2633 et
1423 2586 1571 2632 eredo
1596 2586 1734 2648 quod
1761 2587 1991 2633 sufficiet.

405 2650 561 2697 Venit
603 2650 727 2697 mihi
776 2650 826 2697 in
875 2650 1021 2697 litera
1068 2667 1129 2698 ex
1176 2652 1413 2698 Romana
1457 2652 1611 2699 Urbis
1661 2652 1814 2700 (uria
1855 2653 1996 2715 quod

404 2717 703 2764 Matthaeus
765 2717 928 2764 Finck
988 2717 1413 2780 singularissimus
1472 2720 1641 2766 fautor
1693 2725 1859 2766 vester
1917 2726 1994 2767 est

401 2791 650 2839 mortuus,
689 2791 740 2831 et
775 2784 927 2847 aliqui
967 2784 1222 2831 Curtisani
1267 2785 1548 2833 lausmaimi
1594 2785 1669 2832 sui
1707 2786 1996 2835 habuerunt

449 2934 476 2952 ⁸⁰
496 2940 656 2970 rolatum.
709 2937 783 2970 Not
801 2936 998 2970 elsewhere
1017 2936 1103 2969 used
1127 2937 1162 2969 in
1281 2935 1292 2954 ⁷
1323 2939 1454 2971 l‹'1'm·lc:
1472 2942 1510 2971 to
1525 2938 1639 2972 whom
1657 2940 1690 2972 ii.
1709 2940 1729 2971 S
1744 2940 1996 2974 iss-attributed.

404 2982 477 3015 this
494 2994 609 3016 sense.
1237 2984 1263 3000 “
1280 2984 1439 3018 Mathia<
1468 2985 1607 3027 Funck,
1632 2991 1705 3019 mit.
1735 2986 1859 3029 Teut„
1880 2987 1994 3031 patria

1237 3030 1504 3076 llayuoviensis
1541 3059 1547 3064 .
1587 3059 1594 3065 .
1635 3060 1641 3066 .
1684 3033 1859 3066 bonarum
1911 3033 1993 3066 Art.

450 3074 462 3092 ¹
493 3077 616 3109 seriens.
693 3076 850 3110 Thomas
888 3077 1011 3110 Bricot
1044 3089 1112 3109 was
1145 3089 1164 3109 a
1236 3077 1352 3122 Mag„
1383 3078 1474 3111 l'hil.
1505 3091 1571 3121 or.‚
1602 3084 1637 3113 et
1671 3079 1770 3113 l'‹›et.
1805 3079 1997 3122 insignis.”

404 3127 683 3163 commentator,
704 3135 812 3168 many
838 3124 880 3157 of
902 3124 1020 3156 whose
1048 3123 1164 3157 work>
1234 3124 1269 3157 d.
1315 3125 1350 3158 J.
1399 3125 1585 3168 Mzulerus,
1626 3129 1749 3168 script.
1799 3128 1890 3169 lusis)
1916 3153 1922 3159 .
1953 3153 1958 3159 .
1987 3151 1996 3161 .

403 3180 465 3202 are
483 3173 621 3202 extant.
672 3172 738 3203 See
761 3170 870 3212 llaiu,
892 3170 981 3204 3906
998 3182 1066 3213 sqq.
1237 3174 1433 3213 (entur-ia„
1456 3172 1680 3214 Irlelmstadt,
1705 3173 1789 3207 1660
1806 3184 1814 3213 ;
1834 3173 1927 3206 lxxv.

1163 3231 1258 3272 246
