2247 3637
954 712 979 759 I

169 847 232 894 (I
270 846 308 892 I
309 844 477 892 OHA
487 845 551 891 A
549 846 712 892 NES
741 845 997 893 LABIA
1039 846 1118 895 dee·
1135 847 1315 911 gratia
1341 847 1765 895 Powotlconotmz‘us·

337 910 632 975 apostolzcnns
686 913 757 960 Ve
733 912 971 961 enemhilc'
1017 914 1124 962 vz'70
1173 915 1251 961 M.
1307 914 1522 962 Ortvino
1575 915 1661 962 Gr
1662 915 1769 963 atio,

335 979 699 1027 1)(11167717767757
733 986 790 1026 777⁴
816 979 886 1045 f7
888 981 992 1028 (7177
1026 980 1305 1029 charissimo
1347 981 1538 1030 *Salutis
1572 988 1762 1030 centum

335 1044 467 1093 7777ῙΙ7α
490 1046 714 1095 ‚sa-§teum
738 1047 1003 1095 secundnm
1029 1064 1206 1096 novam
1235 1049 1626 1096 (ἶνα777777αΐ7αι777

277 1179 667 1228 CCEPERIM
716 1180 1106 1237 nudiustertius,
1143 1182 1438 1229 honorande
1474 1183 1564 1239 vir,
1602 1200 1765 1231 unuin

307 1247 494 1295 librum
543 1263 698 1311 quem
745 1248 1028 1296 dominatio
1076 1256 1243 1297 vestra
1291 1249 1483 1297 miserit
1530 1249 1654 1297 mihi
1702 1267 1764 1298 ex

169 1315 396 1362 Colonia.
458 1315 532 1361 Et
549 1313 649 1361 fuit
668 1314 749 1362 vel
768 1320 845 1362 est
863 1315 979 1362 talis
1004 1314 1130 1363 liber
1150 1316 1442 1364 intitulatus
1463 1317 1766 1381 “Epistolae

170 1382 522 1430 Obscurorum
542 1382 829 1429 Virorum.”
889 1382 1078 1430 Sancte
1097 1383 1237 1439 deus,
1258 1385 1519 1445 quomodo
1545 1384 1765 1432 laetatus

169 1465 284 1497 sum
309 1450 361 1497 in
387 1450 537 1497 corde
561 1465 693 1505 meo,
718 1465 805 1511 qu·
792 1449 924 1496 mdo
945 1448 1048 1496 vidi
1072 1449 1218 1497 illum
1243 1450 1445 1506 librum,
1467 1451 1587 1514 quia
1611 1452 1766 1500 habet

168 1516 335 1564 multa
376 1515 587 1580 pulchia
627 1516 679 1563 in
719 1532 786 1571 se,
828 1516 1041 1564 metrice
1082 1516 1164 1563 vel
1210 1517 1436 1580 prosaice
1474 1519 1762 1583 compilata

169 1583 243 1631 Et
262 1583 363 1631 fuit
383 1583 508 1631 mihi
532 1599 780 1647 magnum
799 1582 1085 1658 gaudium
1072 1599 1126 1631 1n
1144 1584 1281 1631 dulci
1308 1584 1481 1640 iubilo,
1504 1586 1644 1648 quod
1664 1586 1766 1634 vidi

167 1652 306 1714 quod
353 1650 552 1698 habetis
599 1650 790 1698 multos
833 1650 994 1698 socios
1042 1651 1232 1698 Poetas
1269 1657 1320 1699 et
1370 1652 1677 1701 Rethoricos
1714 1660 1768 1700 et

168 1718 473 1781 Theolog05‚
521 1717 610 1781 qui
657 1717 888 1765 scribunt
933 1717 1077 1765 vobis
1124 1724 1177 1766 et
1225 1725 1345 1766 sunt
1391 1719 1565 1767 Amici
1613 1720 1768 1768 vestri

168 1792 345 1833 contra
361 1785 645 1832 Iohannem
665 1783 934 1832 Reuchlin.
988 1785 1285 1832 Habuimus
1300 1785 1406 1834 heri
1424 1786 1766 1844 collationem,

167 1859 219 1902 et
259 1853 468 1900 fuerunt
506 1868 711 1899 mecum
747 1851 903 1915 aliqui
946 1851 1205 1900 Curtisani
1247 1852 1395 1917 periti
1428 1860 1480 1900 et
1521 1854 1768 1903 habentes

167 1921 355 1967 bonam
379 1919 674 1984 practicam,
695 1925 747 1966 et
766 1936 861 1984 ego
886 1919 1033 1984 posui
1057 1918 1202 1967 illum
1225 1920 1412 1968 librum
1433 1921 1497 1968 ad
1522 1938 1764 1970 mensam.

168 1986 243 2035 Et
300 1994 575 2051 postquam
632 1986 868 2050 legerunt
927 1985 1180 2043 hincinde,
1231 1993 1357 2035 tunc
1411 1989 1551 2036 movi
1604 2006 1766 2036 unum

167 2054 382 2102 dubium
430 2054 630 2102 dicens:
687 2053 951 2101 “Domini
1004 2053 1119 2109 mei,
1167 2055 1290 2117 quid
1338 2055 1540 2103 videtur
1587 2056 1766 2104 vobis?

170 2122 343 2177 Quare
389 2127 565 2169 tamen
615 2122 688 2168 M.
742 2121 991 2168 Ortvinus
1039 2120 1325 2169 intitulavit
1372 2122 1529 2170 istum
1576 2123 1764 2171 librum

169 2188 434 2253 Epistolae
495 2189 844 2236 Obscurorum
909 2188 1191 2236 Virorum?
1254 2189 1516 2253 appellans
1574 2191 1764 2239 amicos

169 2272 286 2303 suos
320 2262 373 2303 et
397 2255 724 2303 cohaerentes
751 2255 1011 2303 Obscuros
1035 2255 1200 2304 viros.
1189 2257 1231 2290 2⁷
1317 2256 1466 2305 Tunc
1501 2258 1763 2323 respondit

170 2339 301 2369 unus
350 2323 593 2371 Sacerdos
640 2322 727 2386 qui
777 2328 854 2370 est
907 2323 1325 2371 Monasteriensis
1373 2331 1425 2371 et
1472 2331 1550 2372 est
1599 2326 1763 2373 bonus

171 2390 373 2447 Iurista,
410 2391 549 2453 quod
586 2389 868 2437 obscuritas
905 2390 1261 2471 multipliciter
1296 2391 1508 2456 capitul,
1547 2399 1606 2440 ut
1642 2393 1694 2439 in
1730 2392 1760 2440 l.

172 2457 256 2504 Ita
283 2457 401 2506 fidei
426 2457 494 2505 .ff.
523 2458 586 2505 de
617 2458 719 2505 Iur.
753 2457 898 2512 Fisti,
926 2474 997 2505 111.
1027 2458 1054 2505 i.
1083 2457 1134 2506 in
1158 2459 1273 2506 fine.
1347 2458 1422 2506 Et
1457 2459 1587 2506 dixit
1623 2459 1763 2521 quod

170 2530 340 2587 potest
376 2541 482 2572 esse
514 2541 703 2572 nomen
736 2525 998 2589 proprium
1032 2525 1244 2573 alicuius
1280 2525 1552 2590 progeniei.
1627 2526 1765 2583 Quia
1799 2545 1835 2573 ,ι’

170 2591 379 2639 scribitsi
404 2593 544 2655 quod
580 2592 937 2640 Diocletianus
963 2598 1015 2639 et
1039 2592 1121 2640 alii
1151 2592 1363 2655 quidam
1388 2609 1530 2656 reges
1554 2593 1761 2640 fuerunt

171 2659 278 2705 nati
303 2659 526 2707 obscuris
551 2659 863 2724 parentibus.
937 2659 1086 2706 Tunc
1113 2675 1208 2723 ego
1232 2659 1381 2722 tetigi
1406 2676 1526 2707 eum
1552 2666 1603 2707 et
1628 2659 1762 2708 dixi:

172 2732 201 2749 ‘⁶
220 2724 355 2772 Cum
402 2725 622 2781 licentia,
671 2726 893 2782 domine,
940 2726 1085 2773 Nihil
1134 2727 1197 2773 ad
1244 2726 1617 2790 propositum.''
1690 2727 1764 2774 Et

172 2799 540 2854 consequenter
573 2793 881 2857 interrogavi
911 2810 1073 2840 unum
1110 2793 1435 2856 Theologum
1468 2794 1762 2849 notabilem,

171 2857 258 2919 qui
289 2858 418 2906 bibit
446 2860 724 2908 nobiscum.
800 2862 917 2924 Ipse
947 2867 1023 2908 est
1051 2861 1114 2907 de
1144 2860 1319 2906 ordine
1353 2860 1762 2918 Carmelitarum,

245 2967 270 2985 ¹¹
288 2970 325 3000 in
351 2970 420 3001 dul.
439 2970 513 3011 jub.
565 2969 620 3003 Cf.
638 2970 702 3003 the
728 2968 932 3013 Volkslied,
961 2970 1038 3002 “In
1065 2968 1164 3002 dulci
1186 2966 1314 3012 jubilo,
1337 2979 1413 3001 111111
1440 2969 1561 3013 singet
1586 2971 1662 3004 und
1688 2970 1765 3005 seid

173 3014 290 3048 froh.⁷'
343 3014 399 3049 W.
419 3015 588 3057 Scherer,
606 3018 697 3050 His-t.
719 3019 834 3051 (r'erm.
854 3018 934 3059 Lit.,
957 3017 1060 3058 1886,
1081 3017 1101 3049 i.
1120 3014 1198 3049 248.

244 3060 269 3078 ²⁴
288 3063 377 3095 Fisti
389 3074 400 3095 .·
425 3062 482 3095 for
499 3064 602 3095 Fisei.

245 3107 271 3126 ²⁴
290 3111 332 3142 νῆ
344 3120 356 3142 .·
382 3109 439 3142 for
456 3120 626 3151 responso.

932 3170 1021 3211 131

1802 1533 1840 1561 10

1804 1872 1841 1902 15

1799 2207 1837 2236 20

1800 2877 1838 2905 30
