2247 3637
369 722 406 750 40

370 1113 409 1142 45

373 1446 411 1475 50

381 2457 419 2487 65

441 189 912 245 EPISTOLAE
973 186 1565 245 OBSCURORUM
1621 185 2028 242 VIRORUM

438 297 594 345 etiam
630 296 822 360 aliquid
857 296 982 344 sciat
1023 296 1073 343 in
1111 294 1362 343 medicina
1397 293 1478 340 vel
1514 309 1630 340 non.
1704 292 1841 340 Cum
1876 292 2033 356 igitur

389 386 405 411 π
438 363 677 412 dixissem
710 364 806 411 hoc
831 363 994 410 amico
1019 379 1150 417 meo,
1176 360 1400 409 instituit
1433 359 1757 407 collationem
1783 359 2031 424 optimam

439 437 491 478 et
533 430 770 478 invitavit
819 430 1110 493 Theologos
1151 426 1507 492 speculativos,
1553 426 1765 474 Iuristas
1812 425 2030 491 splendi-

439 497 684 546 dissimos.
758 497 834 545 Et
868 514 950 545 me
986 495 1129 560 quasi
1161 511 1323 542 unum
1357 510 1419 542 ex
1448 493 1815 541 medicinarum
1851 492 2033 557 practi-

440 565 710 621 catoribus‚
746 564 866 612 licet
901 563 1152 627 indignus,
1226 561 1428 625 Nempe
1465 578 1583 608 cum
1620 560 1882 615 sedissent,
1908 566 2033 608 tunc

438 632 527 680 diu
573 637 846 680 tacuerunt
889 647 1054 693 neque
1095 628 1277 692 aliquis
1317 645 1380 676 ex
1421 627 1567 675 nobis
1609 627 1775 675 voluit
1815 626 2036 691 incipere

441 716 559 764 prae
607 699 799 763 pudore
818 699 877 760 [z]
896 704 1021 746 tunc
1070 713 1165 758 ego
1213 695 1471 744 stimulavi
1518 711 1693 742 meum
1741 693 2034 759 proximum

443 783 799 821 consessorem,
848 764 987 828 quod
1034 762 1159 810 mihi
1206 763 1269 810 ad
1318 762 1482 810 salvos
1529 762 1650 810 deos
1703 777 1766 809 ex
1817 761 2035 825 abrupto

442 834 660 881 occurrit
685 833 735 880 in
761 831 1020 885 memoria,

754 933 995 969 Conticuere
1016 943 1155 968 omnes
1174 932 1404 980 intentique
1423 943 1491 966 ora
1511 930 1732 972 tenebant;

442 1042 597 1089 quem
639 1041 842 1073 versum
883 1024 1048 1071 adhuc
1096 1023 1258 1071 habeo
1299 1023 1352 1070 in
1388 1022 1579 1070 recenti
1621 1020 2038 1076 consideratione,

442 1092 563 1156 quia
598 1109 687 1140 vos
724 1109 841 1139 cum
877 1090 1184 1156 exposuistis
1214 1090 1357 1138 nobis
1391 1089 1667 1154 Virgilium
1703 1088 1755 1136 in
1792 1087 2039 1136 Aeneidis

441 1167 566 1207 tunc
591 1159 732 1224 pinxi
758 1159 821 1206 ad
845 1158 992 1206 illum
1016 1174 1235 1213 versum,
1256 1163 1315 1205 ut
1339 1157 1559 1205 facerem
1585 1155 1709 1203 mihi
1732 1156 2040 1203 locationem

443 1227 493 1274 in
529 1226 658 1274 libro
682 1242 799 1274 meo
823 1225 1106 1274 secundum
1131 1224 1271 1289 quod
1307 1224 1518 1272 iussistis
1551 1241 1658 1280 nos,
1685 1240 1849 1271 unum
1874 1222 2040 1270 virum

443 1293 532 1357 qui
557 1293 712 1341 habet
737 1294 1016 1341 claustrum
1040 1292 1092 1340 in
1118 1308 1204 1340 ore
1228 1291 1297 1339 sic
1322 1307 1442 1356 ergo
1467 1291 1568 1339 iam
1593 1290 1787 1356 optime
1811 1289 1952 1338 venit
1976 1288 2041 1336 ad

444 1361 778 1425 propositum,
806 1377 924 1408 cum
949 1359 1033 1407 ille
1057 1359 1365 1407 scientificus
1391 1359 1547 1407 etiam
1573 1358 1638 1406 sit
1673 1363 1827 1423 poeta
1853 1363 1912 1404 ut
1947 1355 2042 1421 ipsi

444 1428 637 1476 dicunt.
711 1426 920 1492 Quippe
962 1443 1080 1475 cum
1122 1427 1191 1474 sic
1232 1432 1517 1474 taceremus
1553 1424 1789 1481 invicem,
1826 1424 2044 1488 ipsemet

445 1495 635 1559 incepit
682 1511 870 1558 magno
917 1494 1179 1559 praeludio
1227 1492 1584 1541 sermonisare:
1633 1509 1729 1557 ego
1771 1507 1890 1539 vero
1938 1506 2043 1538 non

445 1562 690 1618 intellexi,
716 1562 798 1610 vel
822 1579 925 1609 non
950 1578 1062 1608 sum
1088 1577 1151 1609 ex
1187 1559 1444 1626 legittimo
1467 1560 1617 1607 thoro
1641 1566 1807 1615 natus,
1832 1558 2044 1607 unicum

446 1630 676 1685 verbum,
713 1629 834 1693 quia
869 1628 1023 1676 habet
1063 1634 1173 1676 tam
1209 1644 1416 1692 parvam
1453 1643 1663 1675 vocem:
1704 1632 1832 1692 puto
1868 1631 2044 1674 autem

447 1697 585 1761 quod
622 1697 721 1745 fuit
746 1713 809 1745 ex
833 1695 1092 1760 theologia
1113 1712 1122 1743 :
1160 1701 1213 1743 et
1248 1695 1343 1742 hoc
1367 1694 1490 1742 fecit
1514 1700 1574 1741 ut
1609 1694 1768 1760 possit
1792 1693 2046 1741 attrahere

398 1787 413 1813 r.
447 1764 593 1812 illum
617 1764 922 1828 magistrum
946 1769 1194 1818 nostrum,
1216 1761 1382 1810 virum
1407 1760 1630 1809 maxime
1654 1759 1969 1825 profundum
1993 1759 2046 1807 in

446 1831 722 1895 theologia,
742 1831 830 1894 qui
850 1830 1117 1878 nobiscum
1137 1829 1347 1877 sedebat
1365 1829 1417 1876 in
1437 1827 1721 1876 collatione.
1797 1826 2047 1883 Quinimo

449 1915 568 1945 cum
609 1897 855 1946 linivisset
890 1897 1016 1945 illud
1049 1896 1385 1961 praeludium,
1422 1902 1548 1944 tunc
1584 1893 1774 1959 incepit
1807 1893 2048 1958 magister

449 1971 623 2013 noster
658 1965 917 2029 disputare
948 1963 1277 2012 subtilissime
1313 1962 1376 2010 de
1405 1969 1524 2010 ente
1556 1969 1609 2010 et
1645 1960 1881 2017 essencia,
1907 1960 2048 2024 quod

451 2049 554 2080 non
580 2049 707 2095 opus
733 2038 809 2080 est
841 2031 941 2078 iam
968 2037 1211 2096 repetere,
1237 2030 1357 2094 quia
1382 2030 1510 2077 bene
1534 2027 1878 2093 pertractastis
1908 2027 2047 2075 illam

450 2100 729 2147 materiam.
804 2099 902 2146 Illo
927 2098 1073 2146 finito
1097 2097 1203 2162 ipse
1221 2097 1483 2163 respondit
1505 2096 1680 2161 paucis
1699 2095 1893 2151 verbis3
1922 2102 2048 2143 tunc

451 2167 638 2214 iterum
663 2182 838 2213 omnes
873 2172 1160 2213 tacuerunt.
1233 2165 1381 2212 Tunc
1407 2180 1527 2228 ergo
1558 2163 1740 2227 hospes
1765 2168 1936 2210 noster
1960 2161 2049 2225 qui

452 2239 530 2282 est
554 2233 717 2280 bonus
741 2232 1047 2288 hunianista,
1068 2231 1258 2295 incepit
1283 2231 1534 2295 quaedam
1560 2230 1724 2278 dicere
1750 2246 1812 2277 ex
1838 2228 2048 2294 poetria,

454 2300 539 2348 ubi
575 2300 804 2346 laudavit
842 2299 986 2346 valde
1023 2300 1292 2347 Caesarem
1331 2298 1524 2346 Iulium
1557 2297 1607 2345 in
1637 2297 1738 2344 suis
1772 2295 1969 2361 scriptis
1997 2302 2050 2344 et

452 2368 609 2415 etiam
654 2366 815 2414 factis.
892 2365 1132 2412 Profecto
1170 2381 1288 2413 cum
1314 2365 1409 2412 hoc
1435 2364 1756 2419 audivissem,
1793 2370 1900 2410 erat
1926 2361 2050 2410 mihi

453 2434 582 2482 bene
618 2434 935 2487 adiuvatum‚
961 2432 1082 2495 quia
1118 2432 1282 2479 multa
1319 2431 1419 2496 legi
1457 2438 1508 2479 et
1547 2431 1718 2478 audivi
1757 2430 1808 2477 in
1847 2429 1986 2494 poesi
2021 2447 2050 2476 a

455 2501 597 2549 vobis
634 2501 759 2547 dum
795 2498 869 2547 fui
906 2499 957 2546 in
1000 2499 1229 2554 Colonia,
1268 2505 1319 2546 et
1355 2498 1489 2546 dixi:
1529 2495 2051 2559 “Quoniamquidem

455 2569 612 2632 igitur
635 2565 893 2632 incepistis
928 2565 1070 2630 loqui
1100 2566 1164 2613 de
1199 2565 1408 2630 poetria,
1434 2581 1536 2612 non
1566 2564 1712 2628 potui
1738 2579 1821 2611 me
1849 2563 2050 2627 longius

456 2635 728 2690 occultare,
755 2640 807 2681 et
836 2632 950 2680 dico
975 2631 1284 2696 simpliciter,
1311 2631 1450 2696 quod
1475 2647 1577 2678 non
1604 2631 1754 2678 credo
1780 2631 2051 2679 Caesarem

455 2702 708 2766 scripsisse
765 2700 851 2748 illa
909 2699 1288 2755 commentaria,
1348 2705 1401 2746 et
1454 2698 1571 2746 volo
1624 2697 1822 2745 dictum
1876 2713 2051 2745 meum

385 2791 402 2803 Ρ
456 2769 689 2817 roborare
725 2768 820 2815 hoc
857 2773 1178 2831 argumento,
1211 2766 1349 2830 quod
1387 2765 1455 2812 sic
1493 2771 1669 2813 sonat:
1708 2763 2052 2827 ‘Quicunque

504 2876 532 2896 ⁴³
559 2881 711 2912 Cantha:
737 2878 821 2911 AEn.
843 2878 878 2911 ii.
904 2877 932 2911 l.
1292 2885 1403 2919 voyce
1428 2885 1469 2907 or
1493 2873 1752 2908 exclamacion.
1815 2874 1863 2907 So
1888 2872 2053 2907 therfore

505 2924 533 2942 ⁵³
557 2937 666 2958 vocem
682 2937 694 2959 :
714 2925 828 2958 “But
844 2923 934 2969 they
954 2923 1044 2957 have
1062 2921 1224 2963 learned,
1292 2921 1449 2965 begiune
1474 2921 1584 2965 theyr
1610 2919 1813 2965 preambles
1830 2932 1870 2953 so
1887 2919 1989 2964 stilly
2014 2931 2053 2952 as

463 2972 473 3004 l
492 2976 601 3005 wotte
613 2983 725 3006 never
736 2971 918 3013 ofwhom‚
934 2970 1017 3004 that
1030 2970 1093 3004 the
1106 2969 1225 3003 enti-ie
1292 2979 1413 3002 scarce
1453 2968 1543 3012 they
1584 2979 1650 3001 can
1694 2967 1782 3001 here
1821 2967 1931 3012 theyr
1972 2978 2051 3000 own

459 3019 531 3052 aud
551 3018 766 3062 beginnyng
779 3018 879 3051 ofau
898 3018 1045 3051 oracion
1064 3021 1163 3050 must
1182 3016 1225 3050 be
1292 3013 1460 3059 voyces.'’
1531 3014 1689 3056 Eram„
1735 3016 1874 3048 Eue-om.
1919 3015 2053 3047 Mariae

460 3064 622 3109 caulmly
652 3065 797 3099 uttered
828 3064 983 3098 without
1011 3075 1083 3109 any
1108 3062 1224 3097 lowde
1292 3060 1536 3104 (Challoner’s
1553 3060 1723 3103 'l‘ransl.).

1211 3123 1303 3164 100
