2247 3637
229 271 283 309 11.
306 275 347 322 ρ]
640 257 1082 316 IOHANNES
1136 258 1422 315 GRAPP

227 370 280 418 Si
306 385 407 417 non
433 368 563 416 bene
589 374 787 424 sonant,
859 367 1018 416 veluti
1043 374 1212 416 vestra
1236 385 1442 432 quoque
1467 375 1653 418 tonant

294 436 535 485 Carmina
552 434 736 499 scripta
751 435 975 498 quidem,
1032 434 1151 499 quia
1166 451 1269 482 non
1285 452 1462 484 omnes
1479 437 1652 485 valent
1667 436 1820 493 idem,

227 503 338 551 Nec
365 518 538 550 sumus
563 518 739 550 omnes
763 518 906 567 pares
975 501 1205 567 magistri
1231 502 1336 550 sive
1361 503 1641 552 scholares:

296 570 447 617 Unus
472 568 617 616 novit
642 569 876 633 logicam,
948 569 1075 618 alius
1100 568 1276 616 didicit
1301 570 1568 634 poetriam‚
1856 588 1894 617 25

228 636 382 685 Alius
406 643 484 684 est
510 635 758 692 Phisicus‚
829 636 956 684 alius
981 635 1312 699 medicusque
1336 637 1546 701 peritus,

296 703 469 751 Aliter
494 703 647 750 habet
671 703 890 767 gratiam
960 703 1013 751 in
1038 703 1237 751 cunctis
1261 704 1411 752 rebus
1436 704 1737 760 mirandam,

229 771 377 818 Sicut
401 787 491 817 vos
516 770 688 825 etiam,
759 770 847 834 qui
873 771 959 818 vix
984 770 1235 819 habebitis
1260 787 1433 835 parem

299 838 362 885 In
389 837 603 884 Colonia
627 843 755 891 tota,
825 844 878 885 et
903 837 983 885 hic
1008 854 1215 901 quoque
1240 839 1411 886 Roma
1435 839 1487 886 in
1513 845 1640 894 rota,

231 904 340 952 Ubi
365 904 626 952 Curtisani
695 911 886 952 vexant
911 921 963 952 se
988 905 1118 953 sicut
1146 906 1303 953 Beani
1859 922 1897 952 30

298 971 453 1019 Unus
477 971 636 1018 alium
662 971 895 1027 citantes,
966 989 1057 1036 pro
1083 972 1337 1020 beneficiis
1361 973 1639 1038 litigantes,

234 1039 381 1087 Sicut
404 1054 567 1102 nuper
591 1037 786 1101 aliquis,
858 1056 976 1086 cum
1001 1056 1105 1102 quo
1131 1046 1208 1087 est
1233 1040 1359 1087 mihi
1384 1057 1570 1104 magna
1594 1040 1654 1088 lis

300 1106 403 1153 Pro
429 1122 531 1153 una
554 1105 753 1161 vicaria,
826 1122 919 1153 nec
943 1113 1115 1171 potest
1140 1106 1246 1153 fieri
1271 1108 1554 1155 concordia.

235 1174 336 1221 Sed
361 1189 450 1220 vos
475 1173 527 1220 in
553 1171 748 1227 studiis,
819 1173 999 1222 caretis
1024 1174 1120 1222 illis
1144 1174 1389 1231 fantasiis,

303 1241 366 1287 In
392 1257 530 1288 sacra
554 1239 815 1303 scriptura,
887 1240 974 1287 ubi
999 1248 1077 1289 est
1100 1241 1243 1288 vobis
1269 1258 1457 1305 magna
1482 1259 1615 1298 cura,
1865 1262 1903 1292 35

234 1309 316 1356 Ne
341 1307 423 1354 isti
449 1307 659 1360 scl'ares‚
731 1308 820 1370 qui
845 1313 966 1355 sunt
990 1309 1144 1356 vestri
1168 1308 1509 1364 tribulatores,

301 1375 561 1422 Reuchlin
587 1390 705 1422 cum
731 1374 936 1431 auxilio,
1007 1392 1205 1423 necnon
1230 1376 1422 1440 populo
1448 1377 1546 1423 isto
1572 1375 1813 1440 maligno,

237 1443 444 1491 Scilicet
470 1441 661 1498 Poetis,
733 1447 785 1489 et
810 1441 1028 1505 legifluis
1056 1442 1271 1497 Iuristis,

305 1509 413 1566 Qui
438 1510 511 1557 ita
536 1526 624 1556 vos
648 1515 871 1564 tentant,
942 1526 1033 1557 sua
1058 1526 1151 1556 nec
1177 1510 1455 1557 dictamina
1478 1510 1713 1574 probant,

238 1578 433 1625 Contra
456 1593 546 1624 vos
571 1576 776 1632 faciant,
848 1582 901 1624 et
924 1575 1177 1624 haeretica
1202 1577 1424 1624 carmina
1449 1577 1686 1632 scribant,
1869 1598 1906 1626 40

306 1644 387 1692 Ut
411 1643 534 1692 facit
558 1649 611 1691 et
635 1643 679 1689 T
684 1659 909 1708 ungarus
978 1650 1031 1690 et
1056 1644 1345 1692 christicola
1369 1645 1736 1708 Pepercornus,

238 1711 312 1760 Et
338 1711 509 1759 schola
534 1711 867 1766 Francorum,
937 1727 1039 1774 que
1065 1712 1345 1759 combussit
1370 1711 1515 1759 illum
1540 1711 1728 1759 librum

309 1778 589 1843 Speculum
609 1777 812 1825 oculare
831 1777 1046 1834 dictum,
1118 1784 1170 1825 et
1186 1795 1276 1843 per
1292 1796 1382 1826 vos
1400 1779 1603 1827 fortiter
1621 1779 1832 1827 victum,

240 1846 342 1894 Sed
368 1845 484 1893 volo
509 1845 770 1893 dimittere
839 1845 937 1892 ista
962 1845 1198 1893 scandala
1222 1846 1275 1893 in
1301 1863 1438 1894 sacra
1462 1846 1562 1894 fide

305 1913 467 1961 Vobis
483 1919 535 1960 et
557 1912 893 1967 Hochstrato,
965 1912 1054 1976 qui
1074 1919 1151 1961 est
1166 1913 1296 1961 bene
1312 1914 1472 1961 maior
1490 1931 1646 1977 quam
1666 1913 1837 1968 Plato,
1874 1937 1911 1966 45

239 1981 459 2028 Doctior
482 1979 812 2045 philosophis,
883 1981 935 2027 in
961 1979 1330 2029 subtilitatibus
1355 1981 1477 2028 istis.

307 2048 449 2112 Ergo
474 2064 564 2095 vos
590 2047 773 2103 valete,
844 2063 1046 2095 necnon
1071 2048 1259 2095 bonam
1286 2055 1492 2096 noctem
1520 2048 1717 2096 habete.

857 2114 975 2162 Deo
1000 2115 1220 2163 Gratias,

341 2182 571 2230 Parcatis
597 2180 721 2228 mihi
748 2181 788 2228 si
814 2181 915 2229 sint
942 2182 1071 2230 vicia
1109 2182 1161 2229 in
1201 2183 1309 2230 istis
1350 2182 1693 2239 Carminibus,
1719 2182 1841 2246 quia

237 2250 524 2297 humanum
550 2255 626 2296 est
651 2265 813 2296 errare
838 2249 1122 2297 secundum
1149 2250 1540 2314 Philosophum,
1566 2256 1619 2299 et
1643 2249 1838 2298 debetis
1875 2272 1911 2301 50

238 2317 395 2365 etiam
421 2316 612 2380 aliquid
639 2332 834 2363 novum
859 2317 922 2363 ad
947 2333 1031 2364 me
1056 2317 1285 2365 scribere.

306 2384 503 2431 Datam
529 2383 582 2430 in
608 2383 733 2431 urbe
758 2383 945 2439 Roma,
1016 2383 1104 2431 ubi
1129 2392 1249 2432 sunt
1275 2384 1527 2432 mirabilia
1549 2401 1719 2449 poma,

307 2451 456 2507 Quae
475 2450 651 2499 rustici
666 2449 735 2497 ibi
751 2450 1000 2506 vendunt,
1072 2458 1123 2499 et
1138 2469 1227 2516 per
1242 2452 1423 2500 libram
1443 2453 1573 2500 bene
1588 2452 1838 2516 pendunt,

307 2519 454 2566 Sicut
480 2535 576 2583 ego
601 2517 722 2572 vidi,
794 2525 847 2566 et
871 2535 961 2582 per
984 2519 1352 2583 experientiam
1379 2519 1544 2567 didici.

1047 2587 1239 2635 Amen.
1876 2611 1914 2640 55

289 2709 315 2728 ²⁹
333 2714 409 2744 rota
421 2721 433 2743 .·
458 2721 478 2743 a
495 2708 671 2749 tribunal,
691 2709 733 2742 of
744 2708 875 2743 twelve
892 2720 1007 2743 mem-
1122 2708 1149 2727 ³³
1168 2711 1327 2754 leyffluis.
1381 2710 1456 2744 Not
1474 2709 1590 2744 found
1610 2708 1819 2743 elsewhere.

241 2758 333 2800 bers,
345 2756 541 2810 instituted
555 2757 592 2789 111
607 2755 747 2811 1326ἡει3
757 2756 822 2790 the
836 2767 1006 2801 supreme
1123 2771 1152 2791 42
1167 2775 1282 2808 schola
1295 2786 1307 2808 .·
1352 2776 1404 2808 zze.
1447 2773 1511 2807 the
1552 2773 1764 2817 University
1805 2772 1846 2806 of

241 2808 347 2839 court
360 2804 546 2847 ofJustlce
559 2803 630 2836 and
650 2802 835 2837 universal
847 2808 954 2837 court
970 2803 1012 2837 of
1079 2821 1192 2854 paris·
1244 2822 1311 2855 See
1329 2821 1471 2854 Introd-

240 2850 370 2896 appeal
393 2851 450 2883 for
468 2850 532 2883 the
550 2850 710 2884 Church.
763 2850 911 2884 Wetzer
935 2850 1008 2884 and

241 2897 347 2932 Welt
369 2898 565 2931 Dicts'ath.
587 2896 1009 2931 s.v.“CuriaRomana.”
1124 2883 1152 2903 ⁵⁰
1170 2886 1298 2918 PhilO‘S'·
1363 2883 1572 2927 “CUJ'USViS
1601 2883 1761 2917 hominis
1787 2887 1843 2917 est

293 2943 321 2962 ³⁰
339 2924 461 2977 b'eani:
490 2924 698 2980 freshmen2
732 2944 830 2978 “bec
865 2944 1009 2986 iaune,''
1078 2931 1238 2966 effare-'⁹
1287 2931 1430 2973 Cicero,
1448 2932 1557 2973 Phil-³
1577 2931 1637 2964 Xii·
1656 2929 1736 2964 2-5·

245 3005 265 3027 a
283 2991 411 3026 callow
429 2990 519 3024 bird.
556 2990 622 3024 See
643 2992 662 3007 “
674 2991 827 3034 Bejan,”
848 2981 892 3026 N.
909 2991 948 3025 E.
964 2991 1008 3024 D.
1125 2988 1154 3008 ⁵²
1166 3000 1290 3033 poma:
1308 2989 1464 3034 perhaps
1475 3000 1630 3033 oranges
1641 3000 1682 3023 or
1692 2989 1841 3024 eitrons.

1015 3204 1109 3246 135
