2247 3637
373 473 412 503 15

371 807 409 836 20

369 1138 407 1167 25

366 1478 404 1508 30

364 1812 403 1842 35

365 2150 403 2179 40

366 2457 404 2485 45

446 210 916 267 EPISTOLAE
980 208 1571 267 OBSCURORUM
1626 208 2034 264 VIRORUM

445 318 526 365 hic
562 318 755 366 multos
789 318 1029 374 fautoreS,
1073 317 1228 366 etiam
1269 316 1480 372 nobiles,
1523 322 1576 364 et
1617 316 1814 363 vadunt
1854 317 2036 364 armati

445 385 575 432 sicut
601 385 831 441 bufones,
858 402 977 433 cum
1001 383 1165 447 longis
1189 382 1368 446 gladiis
1393 383 1443 430 in
1468 382 1661 447 plateis
1737 383 1837 430 Sed
1861 389 2036 431 tamen

445 469 540 515 ego
566 451 670 499 dixi
696 453 835 515 quod
859 469 962 499 non
988 458 1064 499 est
1090 456 1306 505 rectum,
1333 450 1453 513 quia
1477 450 1673 497 debetis
1698 455 1876 497 notare
1895 450 2034 513 quod

443 518 539 566 iste
558 525 739 582 poetae
765 519 1040 566 saeculares
1065 517 1231 563 adhuc
1256 516 1446 565 facient
1463 517 1653 564 multas
1671 533 1892 580 guerras,
1914 533 2033 563 cum

444 585 545 633 suis
593 585 782 641 metris,
827 586 866 632 si
914 583 1144 647 magistri
1190 583 1350 630 nostri
1398 601 1501 631 non
1549 584 1813 631 habebunt
1859 584 2036 631 adver—

441 652 676 708 tentiam,
713 659 764 699 et
800 668 904 698 non
940 650 1174 698 citabunt
1208 666 1292 697 eos
1327 667 1415 714 per
1455 651 1760 715 magistrum
1800 657 2034 697 nostrum

443 719 693 767 Iacobum
720 719 782 766 de
808 718 1161 765 Hochstraten
1187 718 1250 764 ad
1277 718 1470 765 curiam
1495 735 1775 766 romanam.
1838 718 1913 765 Et
1937 733 2033 781 ego

440 786 600 834 timeo
646 786 785 848 quod
832 785 927 833 erit
973 801 1136 832 unum
1183 801 1432 849 magnum
1479 785 1787 833 disturbium
1835 783 1887 831 in
1933 785 2033 831 fide

442 852 704 901 catholica.

542 921 694 982 Rogo
750 918 906 982 igitur
952 935 1041 966 vos
1093 918 1230 981 quod
1286 918 1451 966 velitis
1507 935 1814 983 componere
1869 935 2031 966 unum

439 986 628 1034 librum
659 992 834 1033 contra
857 985 1018 1033 istum
1051 985 1513 1041 scandalizatorem,
1541 991 1592 1033 et
1625 985 1825 1032 realiter
1848 1002 2032 1033 vexare

440 1069 573 1101 eum.
669 1054 817 1100 Tunc
863 1059 1042 1117 postea
1088 1068 1193 1099 non
1241 1053 1336 1100 erit
1387 1053 1459 1099 ita
1506 1052 1673 1100 audax
1721 1052 1861 1115 quod
1908 1052 2031 1100 velit

439 1120 699 1168 stimulare
756 1120 1024 1183 magistros
1080 1126 1297 1175 nostros,
1353 1119 1472 1182 quia
1518 1120 1624 1184 ipse
1680 1125 1756 1166 est
1815 1119 2032 1182 simplex

438 1187 619 1243 socius,
647 1194 700 1235 et
724 1203 891 1249 neque
915 1194 992 1234 est
1018 1193 1284 1250 promotus
1309 1203 1477 1249 neque
1501 1186 1822 1250 qualificatus
1846 1185 1897 1233 in
1917 1186 2032 1249 jure

436 1254 518 1302 vel
543 1255 594 1301 in
619 1254 827 1309 artibus,
848 1254 1080 1317 quamvis
1105 1253 1250 1302 stetit
1273 1253 1325 1301 in
1353 1253 1598 1310 Bononia,
1619 1254 1707 1300 ubi
1731 1254 1888 1301 etiam
1913 1259 2033 1301 sunt

436 1321 588 1369 multi
613 1327 794 1385 poetae
819 1321 1111 1376 saeculares,
1138 1337 1242 1368 non
1265 1321 1415 1368 zelosi
1440 1327 1491 1369 et
1517 1321 1569 1368 in
1593 1321 1693 1367 fide
1718 1320 2006 1368 illuminati.

539 1389 655 1452 Ipse
691 1405 853 1452 nuper
889 1388 1017 1436 sedit
1053 1389 1105 1435 in
1140 1404 1316 1435 mensa
1352 1394 1404 1435 et
1445 1387 1575 1436 dixit
1618 1388 1756 1450 quod
1798 1387 2030 1452 magistri

436 1456 596 1502 nostri
628 1455 681 1503 in
714 1455 929 1503 Colonia
960 1461 1012 1503 et
1046 1455 1300 1502 Parrhisia
1331 1455 1528 1503 faciunt
1562 1455 1799 1502 iniuriam
1830 1455 2029 1502 doctori

437 1523 711 1579 Reuchlin‚
737 1529 788 1570 et
821 1540 916 1586 ego
948 1521 1093 1570 tenui
1126 1521 1171 1569 ei
1203 1523 1527 1586 oppositum:
1563 1528 1689 1569 tunc
1715 1522 1921 1569 vexavit
1946 1539 2030 1570 me

437 1589 616 1637 multis
652 1589 797 1637 malis
833 1589 998 1637 verbis
1036 1596 1087 1636 et
1123 1589 1443 1645 scandalosiS‚
1481 1589 1619 1652 quod
1654 1588 1729 1636 fui
1764 1589 1837 1636 ita
1872 1588 2029 1637 iratus

436 1657 575 1720 quod
609 1656 802 1704 surrexi
835 1657 898 1704 de
930 1673 1121 1712 mensa,
1155 1663 1207 1703 et
1240 1656 1520 1720 protestavi
1555 1672 1724 1703 coram
1757 1672 1934 1703 omnes
1966 1657 2029 1703 de

436 1723 645 1779 iniuriis,
673 1730 724 1771 et
751 1739 852 1770 non
877 1723 1025 1787 potui
1052 1723 1317 1770 comedere
1342 1740 1500 1770 unam
1526 1723 1822 1771 buccellam.

536 1791 645 1837 Vos
670 1790 865 1838 debetis
891 1790 1016 1837 mihi
1041 1791 1159 1837 dare
1185 1790 1452 1838 consilium
1477 1791 1528 1838 in
1555 1790 1844 1854 supradicta
1864 1807 2028 1846 causa,

436 1857 555 1921 quia
579 1857 733 1905 etiam
758 1873 849 1922 pro
874 1864 1017 1920 parte
1042 1857 1162 1905 estis
1180 1856 1376 1920 jurista.

536 1924 654 1988 Ego
688 1923 960 1989 compilavi
992 1924 1161 1987 aliqua
1194 1930 1359 1972 metra
1396 1941 1527 1987 quae
1566 1923 1721 1971 mitto
1754 1924 1897 1972 vobis
1929 1923 2024 1972 hic.

440 1991 844 2046 Clcoriambz‘cum,
903 1992 975 2038 H
973 1997 1290 2046 eoecmzetrum.
1363 1990 1677 2055 ›S'czpplziczcm‚
1738 1990 2026 2047 Icmcbz'cum,

434 2058 851 2122 Asclepiadicmn,
906 2057 1372 2122 Endeccc.s²gyllccbzmn‚
1427 2057 1741 2122 Elegiaemn,
1792 2058 2025 2113 Dicolon,

434 2125 780 2189 Distroplzwn.

436 2231 515 2277 Qui
537 2237 598 2268 est
618 2233 745 2268 bonus
766 2231 1000 2274 catholicus,
1057 2231 1183 2268 debet
1203 2234 1353 2268 sentire
1374 2245 1465 2268 cum
1490 2230 1837 2276 parrhisiensibus,

437 2285 541 2331 Quia
560 2285 659 2322 illud
681 2288 945 2335 gymnasium,
1003 2290 1064 2321 est
1085 2290 1215 2322 mater
1234 2287 1412 2322 omnium
1433 2286 1754 2321 universitatum.

436 2339 598 2376 Deinde
620 2340 782 2375 Colonia
802 2344 954 2383 sancta,
1011 2352 1112 2388 quae
1134 2344 1195 2375 est
1215 2341 1254 2375 in
1277 2339 1354 2376 fide
1376 2339 1603 2375 Christiana
1623 2342 1748 2382 tanta,

436 2392 555 2438 Quod
578 2393 711 2429 nullus
730 2393 855 2430 debet
875 2393 1164 2437 contradicere,
1222 2393 1285 2429 vel
1306 2395 1450 2430 merito
1471 2405 1618 2442 penam
1640 2392 1765 2436 luere,

435 2447 548 2484 Sicut
569 2447 767 2484 Reuchlin
787 2447 938 2494 doctor,
998 2450 1062 2496 qui
1085 2452 1145 2483 est
1166 2446 1318 2496 speculi
1339 2446 1506 2482 ocularis
1526 2451 1676 2490 auctor,

435 2500 566 2546 Quem
588 2504 780 2551 magister
800 2505 934 2537 noster
953 2499 1177 2548 Tungarus,
1234 2501 1419 2550 probavit
1439 2499 1544 2550 quod
1567 2505 1628 2536 est
1649 2499 1890 2541 haereticus,

435 2555 605 2592 Necnon
625 2558 816 2604 magister
836 2554 886 2591 de
910 2554 1004 2590 Alta
1026 2554 1170 2602 platea,
1228 2556 1295 2603 qui
1312 2553 1409 2590 fecit
1430 2554 1664 2590 comburere
1686 2555 1770 2589 eius
1791 2552 2023 2589 dictamina.

481 2666 508 2684 ¹³
533 2669 610 2701 hic:
643 2669 695 2701 i.e.
730 2671 769 2700 at
803 2667 934 2699 Mainz.
993 2666 1072 2700 The
1107 2666 1194 2699 Uni-
1264 2665 1438 2710 versity.'’
1480 2666 1568 2699 This
1582 2667 1611 2698 is
1626 2666 1688 2699 the
1703 2666 1790 2710 only
1805 2677 2025 2700 occurrence

433 2715 571 2758 versity
590 2726 658 2747 was
680 2713 842 2748 founded
867 2714 904 2746 in
931 2713 1029 2750 1477.
1083 2712 1193 2746 Little
1264 2713 1305 2746 of
1318 2713 1382 2746 the
1402 2713 1497 2746 word
1516 2713 1553 2745 in
1572 2713 1635 2746 the
1655 2713 1694 2745 E.
1710 2713 1753 2745 0.
1769 2712 1811 2746 V.

434 2762 464 2793 is
488 2762 662 2795 recorded
680 2762 722 2795 of
741 2763 787 2795 its
805 2759 906 2805 early
923 2760 1075 2804 history.
1127 2761 1193 2794 See
1311 2758 1338 2776 ⁴²
1365 2764 1497 2793 mater:
1531 2760 1567 2792 in
1602 2760 1666 2793 the
1698 2764 1788 2793 next
1820 2760 1902 2804 Ep„
1936 2759 2021 2793 with

436 2808 624 2851 Rashdall,
650 2810 751 2841 (snm
773 2809 926 2850 quw·.‚
946 2808 980 2840 ii.
999 2806 1079 2844 272.
1264 2818 1364 2840 more
1383 2807 1560 2851 modesty,
1582 2807 1606 2823 ‘⁶
1619 2806 1755 2840 soror.'’

483 2853 508 2873 ¹⁶
534 2857 607 2889 istc.
656 2858 726 2898 Sic,
746 2856 783 2888 in
802 2854 848 2897 A,
868 2854 913 2897 B,
933 2854 973 2887 (J.
1310 2852 1336 2870 ⁴⁷
1363 2855 1403 2886 (le
1436 2855 1506 2886 Ast.
1550 2854 1632 2895 plat.
1650 2865 1661 2886 .·
1703 2855 1755 2887 120.
1790 2865 1859 2886 van
1899 2853 2022 2898 Hoog-

482 2899 509 2918 ²⁰
533 2904 741 2935 (listurbz‘um
756 2914 767 2935 .·
792 2901 857 2935 the
874 2900 962 2946 only
980 2901 1157 2934 instance.
1262 2904 1413 2933 straten.
1497 2899 1710 2933 Reuchlin’s
1777 2902 2027 2944 Auyenspieyel

482 2946 507 2965 ²⁷
539 2950 717 2982 Bononia:
744 2948 922 2992 Bologna.
984 2948 1038 2981 Cf.
1070 2948 1105 2980 ii.
1137 2948 1192 2989 59,
1265 2959 1334 2980 was
1367 2946 1530 2991 publicly
1559 2946 1672 2980 burnt
1702 2948 1747 2992 by
1778 2946 1823 2982 H.
1855 2948 1927 2980 aud
1958 2947 2023 2981 the

435 2994 666 3028 “Ulrichuin
711 2996 920 3029 Huttenurn
965 2995 1026 3039 qui
1070 2994 1194 3028 studet
1263 2993 1510 3037 Theologians
1529 2997 1565 3026 at
1592 2993 1766 3038 Cologne,
1785 3005 1833 3028 on
1860 2993 1943 3028 Feb.
1966 2994 2021 3036 10,

435 3040 656 3075 Bononiae.''
1267 3041 1366 3082 1514,
1395 3052 1432 3074 as
1464 3040 1688 3084 “offe11sive‚
1715 3041 1788 3074 and
1818 3041 2023 3085 dangerous

480 3086 509 3105 ⁴²
529 3091 749 3130 ⁴wnmam'mn
765 3101 776 3123 .·
802 3089 890 3123 here
914 3088 1047 3133 simply
1067 3088 1094 3106 “
1108 3087 1195 3121 Uni-
1263 3092 1301 3121 to
1319 3087 1511 3132 religion.''

1197 3149 1260 3190 30
