2247 3637
259 243 313 282 ΙΙ.
335 245 403 293 39]
496 233 613 290 CH
626 232 1032 290 UNRADUS
1087 233 1626 290 STRYLDRIOT

260 342 324 391 de
364 341 521 390 serico
560 349 613 390 et
659 342 919 391 sameloto.
993 342 1131 399 Quia
1177 341 1384 406 quando
1431 341 1691 389 modicum
1731 346 1852 389 sunt

260 426 420 464 senes,
446 415 572 457 tunc
598 409 774 458 statim
810 409 1003 458 habent
1040 426 1194 457 curva
1227 409 1374 456 dorsa
1410 414 1461 456 et
1487 409 1684 456 vadunt
1708 408 1852 472 quasi

260 476 454 525 vellent
489 477 730 524 merdare.
804 476 980 525 Etiam
1020 476 1300 525 comedunt
1340 475 1532 531 allium,
1569 481 1623 524 et
1656 475 1853 523 faetent

261 543 500 592 maxime.
573 542 647 592 Et
683 550 804 591 sunt
838 543 1026 608 nigrae,
1063 559 1155 591 nec
1192 548 1311 591 sunt
1348 542 1421 590 ita
1455 542 1598 591 albae
1634 541 1766 590 sicut
1801 542 1853 589 in

262 609 520 658 Almania.
596 610 732 659 Item
756 610 808 658 in
831 610 960 659 facie
984 616 1105 659 sunt
1127 609 1375 675 pallentes
1401 608 1531 657 sicut
1557 625 1707 657 mors.
1780 608 1855 656 Et

262 683 458 740 quanto
494 677 694 741 aliquae
730 683 850 726 sunt
885 677 1076 734 rubiae,
1102 684 1299 726 certum
1336 682 1413 725 est
1447 676 1586 739 quod
1621 675 1855 724 fecerunt

261 743 357 792 sibi
407 744 587 792 Color&
623 761 742 792 cum
778 744 1069 809 unguentis.
1141 744 1283 809 Ergo
1330 760 1433 792 non
1479 742 1685 808 placent
1731 741 1856 790 mihi

263 810 500 859 mulieres
541 810 636 859 hic.
710 811 886 859 Etiam
929 811 1108 860 dicunt
1147 810 1286 875 quod
1321 810 1373 858 in
1410 816 1602 858 aestate
1637 826 1741 858 non
1778 815 1856 858 est

264 878 457 926 bonum
494 894 778 942 supponere
814 878 910 927 hic.
983 879 1133 927 'lunc
1169 878 1282 926 dico
1318 894 1443 942 ego:
1494 885 1659 941 “ergo
1694 876 1857 925 redire

265 945 381 993 volo
417 945 469 993 in
506 945 937 1002 Al1naniam‚ubi
976 962 1174 1011 semper
1209 945 1404 993 bonum
1441 950 1518 993 est
1555 959 1853 1009 supponere.

265 1011 339 1060 Et
388 1028 535 1077 saepe
582 1012 840 1060 lecordaxi
886 1012 1105 1089 qualiter
1151 1012 1424 1060 habuimus
1470 1012 1522 1060 in
1570 1010 1858 1060 Daventria

264 1078 505 1127 Amasias
543 1095 640 1154 ego
682 1086 734 1128 et
774 1096 893 1128 vos:
946 1085 998 1128 et
1037 1079 1225 1128 ivimus
1266 1079 1318 1127 in
1360 1079 1663 1154 despectum
1711 1077 1858 1127 istius

263 1146 521 1194 domicelli
545 1145 634 1210 qui
658 1146 814 1195 etiam
839 1147 1045 1195 amabat
1070 1153 1291 1195 vestram
1325 1145 1595 1194 amasiam:
1633 1146 1720 1194 sed
1752 1145 1860 1211 ipsa

265 1213 548 1263 merdasset
606 1214 651 1262 ei
700 1231 852 1279 super
908 1231 978 1263 os.
1052 1214 1153 1262 Sed
1213 1230 1350 1262 nunc
1410 1213 1580 1261 audivi
1639 1212 1861 1278 qualiter

264 1280 461 1329 debetis
503 1297 788 1346 supponere
835 1297 1049 1330 uxorem
1098 1281 1171 1330 Io.
1223 1280 1303 1329 Pf.
1354 1297 1504 1329 causa
1549 1279 1860 1328 honestatis:

265 1348 386 1413 quia
444 1354 520 1397 est
580 1355 772 1397 secreta
829 1354 881 1397 et
928 1347 1072 1412 quasi
1120 1347 1347 1396 honesta.
1419 1347 1494 1395 Et
1541 1353 1617 1396 est
1664 1348 1860 1396 bonum

265 1415 472 1480 quando
513 1415 694 1479 aliquis
736 1415 891 1464 habet
931 1414 1187 1480 propriam
1234 1415 1285 1462 in
1333 1421 1542 1464 secreto,
1614 1414 1688 1462 Et
1730 1413 1861 1463 dixit

264 1500 397 1531 unus
445 1483 508 1530 ad
556 1499 654 1539 me,
697 1482 837 1546 quod
886 1482 959 1530 Io.
1010 1482 1121 1530 Pfe.
1165 1482 1323 1530 semel
1369 1481 1557 1530 rixavit
1593 1482 1859 1530 vobiscum

265 1549 437 1598 dicens
478 1549 542 1597 ad
584 1567 702 1599 vos:
746 1549 1022 1598 “Domine
1064 1549 1297 1604 Ortvine,
1339 1548 1458 1613 Ego
1495 1548 1681 1597 vellem
1722 1548 1861 1613 quod

267 1616 600 1666 comederetis
659 1634 722 1666 ex
770 1622 939 1665 vestra
995 1615 1185 1681 patella
1242 1623 1295 1664 et
1353 1615 1720 1680 permitteretis
1777 1631 1862 1664 me

266 1685 531 1733 comedere
554 1700 617 1732 ex
646 1684 803 1732 mea.''
874 1683 948 1732 Et
972 1700 1062 1732 vos
1093 1683 1183 1732 diu
1218 1699 1321 1731 non
1356 1682 1707 1732 intellexistis:
1743 1683 1863 1746 quia

264 1751 349 1800 ille
374 1751 450 1799 vir
473 1757 552 1799 est
574 1751 724 1800 valde
747 1750 947 1800 subtilis
971 1757 1025 1799 et
1050 1766 1249 1816 semper
1271 1750 1501 1815 loquitur
1524 1750 1863 1815 aenigmatice

264 1819 317 1867 in
363 1817 655 1883 proverbiis.
731 1818 832 1866 Sed
879 1818 1092 1882 quidam
1132 1817 1327 1867 amicus
1367 1824 1550 1875 vester,
1593 1817 1724 1866 sicut
1767 1833 1862 1882 ego

265 1886 436 1934 audivi
462 1885 525 1933 ab
551 1885 675 1942 aliis,
700 1886 939 1951 exposuit
963 1885 1107 1934 vobis
1131 1884 1216 1933 illa
1241 1885 1458 1933 archana
1483 1885 1637 1933 verba
1660 1884 1862 1933 dicens:

267 1961 295 1980 ‘⁶
313 1952 430 2019 Ego
455 1953 642 2002 vellem
668 1953 806 2018 quod
833 1952 1166 2001 comederetis
1190 1969 1254 2000 ex
1288 1959 1457 2001 vestra
1491 1952 1695 2016 patella,
1722 1951 1862 2015 quod

266 2021 619 2086 supponeretis
666 2027 889 2069 vestram
936 2037 1152 2069 uxorem
1193 2020 1275 2069 vel
1315 2020 1598 2076 mulierem,
1647 2026 1700 2069 et
1749 2035 1861 2084 per-

266 2088 540 2136 mitteretis
587 2104 671 2137 me
719 2087 985 2136 comedere
1031 2104 1095 2136 ex
1136 2104 1253 2136 mea
1298 2087 1502 2153 patella,
1545 2087 1597 2135 id
1638 2092 1715 2135 est
1757 2102 1861 2134 non

265 2155 548 2220 tangeretis
617 2171 832 2204 uxorem
897 2171 1083 2212 meam,
1150 2154 1238 2204 sed
1303 2153 1533 2203 sineretis
1598 2171 1682 2203 me
1746 2170 1860 2202 eam

265 2223 524 2288 tanger.”e
594 2222 712 2286 Ego
759 2221 866 2270 dixi
913 2221 995 2270 hic
1041 2221 1106 2270 ad
1153 2221 1410 2287 quendam
1465 2228 1673 2286 poetam
1721 2220 1860 2286 quod

267 2296 533 2355 quaereret
556 2289 697 2337 illam
721 2288 1087 2354 proverbiam
1074 2306 1127 2337 1n
1161 2289 1440 2354 proverbiis
1470 2289 1685 2337 Erasmi.
1758 2289 1860 2362 Re·

267 2357 474 2422 spondit
519 2356 645 2404 mihi
692 2357 831 2421 quod
889 2373 991 2404 non
1049 2362 1224 2422 potest
1283 2355 1537 2405 Inuenire.
1610 2354 1738 2403 Dixi
1785 2353 1860 2402 ei.

268 2432 435 2490 “ergo
483 2423 567 2473 ille
608 2424 784 2472 Autor
824 2440 929 2472 non
970 2430 1048 2472 est
1088 2424 1342 2473 sufficiens
1390 2424 1477 2472 sed
1525 2422 1857 2471 diminutusss'

269 2492 372 2540 Sed
419 2491 627 2555 quando
673 2490 846 2539 audivi
892 2490 1016 2539 haec
1063 2491 1127 2540 de
1176 2492 1251 2540 Io.
1291 2491 1391 2556 pfe.
1437 2489 1557 2545 dixi,
1598 2489 1737 2552 quod
1783 2494 1862 2537 est

267 2558 418 2607 nimis
457 2558 737 2607 invidiosus
774 2558 815 2606 si
851 2557 975 2607 facit
1013 2558 1139 2607 hoc:
1177 2558 1318 2615 Quia
1352 2564 1431 2607 est
1465 2574 1568 2605 una
1595 2555 1862 2621 proverbia

267 2627 407 2689 quod
432 2626 711 2674 amicorum
737 2625 909 2674 omnia
932 2632 1053 2674 sunt
1084 2624 1408 2675 communia:
1443 2623 1678 2688 quamvis
1706 2621 1861 2686 aliqui

268 2693 450 2742 dicunt
489 2692 642 2769 quod
672 2709 857 2741 uxores
895 2692 1087 2742 debent
1126 2692 1305 2756 excipi.
1379 2692 1498 2755 Ipse
1533 2697 1709 2738 tamen
1757 2705 1861 2738 non

269 2760 514 2809 deberet
502 2760 646 2809 lrasci
671 2777 822 2825 super
846 2777 937 2808 vos
964 2760 1085 2824 quia
1120 2776 1210 2808 vos
1245 2775 1349 2807 non
1384 2758 1582 2807 habetis
1617 2772 1862 2805 uxorem.

270 2833 323 2875 et
359 2843 464 2874 non
498 2826 805 2876 habentibus
841 2827 1090 2876 debemus
1120 2825 1405 2891 Impertire.
1478 2823 1676 2872 Audivi
1704 2823 1861 2873 etiam

270 2894 411 2956 quod
436 2893 720 2958 supponitis
745 2894 981 2943 ancillam
1009 2892 1331 2959 Impressoris
1356 2890 1601 2948 Quentel,
1627 2891 1699 2940 ita
1723 2891 1863 2956 quod

271 2960 396 3008 fecit
431 2976 677 3025 puerum:
714 2961 810 3009 hoc
847 2978 952 3009 non
987 2960 1241 3009 deberetis
1278 2959 1458 3014 facere,
1485 2957 1678 3008 scilicet
1700 2959 1864 3007 forare

272 3044 406 3076 nova
446 3026 709 3076 foramina.
782 3028 900 3092 Ego
941 3044 1142 3093 semper
1182 3042 1365 3075 maneo
1407 3042 1526 3074 curn
1565 3025 1788 3091 antiquis
1830 3030 1864 3090 q

726 3114 752 3134 ¹⁵
769 3118 920 3151 samelot.
970 3116 1048 3151 Not
1064 3115 1262 3151 elsewhere
1279 3114 1407 3149 found.

1030 3177 1126 3218 215

1887 359 1924 389 15

1890 692 1928 721 20

1893 1030 1931 1060 25

1895 1365 1934 1394 30

1897 1700 1935 1730 35

1898 2034 1935 2063 40

1895 2368 1934 2398 45

1896 2708 1935 2738 50

1898 3040 1936 3071 55
