2247 3637
940 552 1082 600 XIV

447 685 510 733 CI
559 685 638 732 M.
690 684 729 731 I
731 684 829 731 ΟΑ
839 685 1062 732 NNES
1106 684 1271 732 ΚΕΛ
1279 683 1386 730 ΒΑ
1399 683 1480 732 CI
1486 683 1579 731 US

634 751 685 799 S.
725 752 796 799 D.
837 752 917 799 M.
960 752 1176 800 Ortvino
1216 751 1404 799 Gratio

324 885 727 933 XCELLENS
778 885 868 942 vir,
907 886 1189 934 secundum
1232 887 1371 951 quod
1412 886 1487 933 fui
1524 892 1644 934 ante
1681 887 1808 934 duos

355 969 515 1000 annos
556 952 821 1001 vobiscum
861 954 912 1000 in
953 953 1182 1009 Colonia,
1220 960 1271 1001 et
1315 970 1404 1001 vos
1445 952 1642 1001 dixistis
1685 953 1809 1001 mihi

211 1020 352 1083 quod
379 1036 578 1085 semper
602 1020 840 1068 deberem
866 1020 1009 1068 vobis
1047 1021 1262 1069 scribere
1298 1021 1594 1085 ubicunque
1629 1038 1808 1078 essem,

210 1087 281 1134 sic
306 1086 408 1134 iam
432 1087 641 1135 notifico
667 1087 810 1136 vobis
836 1088 976 1152 quod
1002 1088 1172 1135 audivi
1198 1089 1262 1136 de
1287 1095 1453 1136 morte
1474 1089 1624 1136 unius
1644 1089 1808 1136 excel-

210 1153 481 1202 lentissimi
505 1155 772 1219 Theologi,
799 1156 888 1219 qui
917 1161 1132 1203 vocatur
1161 1156 1404 1220 magister
1432 1162 1604 1204 noster
1631 1156 1809 1203 Heck—

211 1238 331 1269 man
374 1222 437 1268 de
478 1222 781 1278 Franconia‚
823 1222 911 1287 qui
957 1223 1059 1270 fuit
1106 1240 1237 1271 unus
1284 1222 1574 1287 principalis
1622 1223 1712 1278 vir,
1756 1230 1808 1271 et

208 1294 443 1353 tempore
468 1306 584 1337 meo
608 1290 707 1337 fuit
732 1289 800 1337 ibi
825 1296 1005 1345 rector,
1032 1296 1085 1338 et
1109 1290 1209 1338 fuit
1233 1289 1519 1355 profundus
1538 1307 1810 1355 argumen-

208 1362 347 1403 tator
382 1357 434 1404 in
471 1356 552 1404 via
589 1357 744 1412 Scoti,
771 1364 822 1405 et
858 1356 959 1405 fuit
993 1357 1230 1405 inimicus
1267 1356 1499 1405 omnium
1540 1364 1808 1421 poetarum

210 1423 562 1480 saecularium,
603 1430 655 1471 et
692 1424 794 1472 fuit
836 1423 911 1472 vir
947 1424 1142 1472 zelosus
1184 1431 1237 1472 et
1277 1424 1496 1472 libenter
1537 1424 1809 1473 celebravit

211 1489 417 1548 missas;
472 1497 525 1539 et
573 1491 780 1556 quando
821 1490 991 1539 tenuit
1034 1498 1348 1540 rectoratum
1393 1492 1639 1548 Viennae,
1681 1499 1808 1540 ωηο

210 1558 430 1606 servavit
469 1559 733 1624 supposita
770 1558 821 1605 in
860 1575 1050 1622 magno
1088 1558 1267 1623 rigore,
1294 1565 1347 1606 et
1384 1559 1486 1606 fuit
1524 1559 1807 1607 laudabilis.

212 1624 384 1673 Semel
426 1626 568 1674 venit
608 1642 740 1674 unus
777 1626 942 1673 socius
979 1642 1042 1673 ex
1079 1626 1328 1682 Moravia,
1355 1627 1562 1690 quando
1598 1643 1693 1690 ego
1734 1626 1808 1674 fui

211 1692 457 1748 Viennae,
483 1693 572 1756 qui
598 1693 753 1741 debet
782 1709 888 1741 esse
920 1698 1075 1757 poeta
1110 1699 1163 1741 et
1199 1693 1399 1758 scripsit
1434 1694 1591 1742 etiam
1628 1700 1808 1750 metra,

209 1766 261 1807 et
291 1759 456 1807 voluit
483 1760 652 1825 legere
687 1767 850 1809 artem
887 1759 1241 1816 metrificandi‚
1267 1767 1319 1808 et
1355 1777 1459 1808 non
1495 1762 1595 1809 fuit
1630 1761 1808 1809 intitu-

208 1825 357 1875 latus.
431 1827 581 1876 Tunc
611 1827 716 1893 ipse
746 1828 989 1892 magister
1024 1834 1198 1876 noster
1235 1827 1512 1876 Heckman
1548 1828 1809 1893 prohibuit

210 1894 271 1949 ei,
309 1900 361 1942 et
396 1894 503 1958 ipse
539 1895 638 1943 fuit
674 1895 748 1943 ita
782 1902 1080 1959 praetensus
1117 1896 1256 1960 quod
1292 1912 1396 1943 non
1434 1896 1598 1944 voluit
1634 1913 1809 1944 curare

209 1962 514 2010 mandatum
541 1962 676 2019 eius;
714 1969 840 2011 tunc
866 1969 1033 2011 rector
1063 1962 1325 2027 prohibuit
1360 1963 1637 2028 suppositis
1670 1965 1809 2028 quod

209 2044 314 2076 non
339 2029 587 2078 deberent
612 2029 816 2078 visitare
841 2030 947 2078 eius
973 2030 1248 2078 lectionem
1269 2048 1279 2087 ;
1315 2036 1441 2078 ωηο
1471 2031 1555 2079 ille
1583 2031 1809 2079 ribaldus

208 2097 420 2144 accessit
454 2104 706 2146 rectorem
747 2103 800 2146 et
841 2097 973 2145 dixit
1014 2097 1059 2145 ei
1101 2097 1268 2145 multa
1310 2098 1527 2163 superba
1567 2098 1721 2155 dicta,
1758 2105 1811 2148 et

206 2163 437 2211 tibisavit
466 2180 615 2212 eum:
652 2171 778 2213 tunc
814 2163 920 2230 ipse
956 2164 1095 2212 misit
1131 2181 1222 2229 pro
1258 2165 1463 2214 famulis
1500 2164 1721 2214 civitatis
1757 2173 1811 2215 et

254 2288 266 2307 ⁷
292 2292 491 2325 Heclsmau:
508 2291 532 2323 J
536 2290 659 2324 ohann
670 2291 891 2325 Heckmann
905 2303 977 2325 was

208 2337 345 2371 Rector
379 2338 421 2371 of
449 2337 514 2371 the
548 2337 654 2371 Univ.
690 2338 731 2371 of
759 2337 904 2372 Vienna
937 2339 974 2372 in

211 2385 313 2427 1507,
341 2385 441 2423 1510,
469 2386 542 2419 and
573 2386 671 2419 1515
725 2384 784 2419 He
813 2386 843 2418 is
874 2397 974 2420 men-

206 2431 384 2465 tionedin
401 2432 436 2465 ii.
450 2434 471 2466 9
485 2444 523 2466 as
541 2432 679 2476 having
690 2444 750 2465 sav
743 2432 825 2466 ed‘
830 2432 975 2479 ‘Philip

207 2478 445 2512 Schlauraff''
467 2479 560 2513 from
579 2480 860 2514 incarceration

253 2536 360 2572 ⁹⁷·bi:
386 2542 424 2571 nt
441 2537 484 2570 V·
477 2549 674 2572 lenna—as
699 2549 852 2583 appears
878 2538 973 2572 from

204 2584 269 2619 the
287 2589 449 2619 context.

254 2641 282 2661 ¹⁰
307 2643 407 2676 Scoti.
437 2643 469 2676 A
480 2642 696 2688 theolog-ian
707 2642 785 2677 told
799 2643 974 2678 Erasmus

206 2688 289 2723 that
308 2693 329 2705 ‘⁴
346 2690 433 2724 nine
450 2701 556 2735 years
577 2691 620 2723 of
639 2691 749 2736 study
768 2690 889 2725 would
908 2696 974 2726 not

206 2735 338 2770 enable
360 2748 419 2771 me
436 2741 475 2771 to
494 2738 724 2771 understand
745 2737 810 2772 the
828 2739 973 2783 preface

207 2783 249 2816 of
258 2783 390 2817 Scotus
400 2788 439 2818 to
455 2784 565 2819 Peter
580 2784 772 2819 Lombard.
782 2783 804 2797 '¹
846 2787 974 2820 Comm.

205 2839 250 2863 οη
269 2830 437 2873 Timothy,
459 2832 481 2865 i.
504 2833 536 2865 6.

254 2885 282 2905 ¹³
305 2891 509 2930 &appo-sita:
537 2888 671 2924 almost
696 2890 909 2935 equivalent
934 2895 973 2925 to

209 2933 602 2978 “undergraduates,’'
678 2937 784 2971 those
854 2938 973 2972 under

206 2981 411 3026 authority,
438 2981 610 3017 schol-ars.
662 2984 746 3018 Ini.
765 2985 823 3028 44,

206 3027 352 3073 positi.'’

254 3084 281 3104 ¹⁴
305 3088 441 3120 socius:
470 3088 524 3121 τῖε.
556 3087 682 3121 Ulrich
708 3100 780 3122 von
807 3089 965 3123 Hutten.

206 3133 251 3166 In
269 3133 333 3167 the
350 3144 513 3168 summer
529 3134 571 3167 of
594 3135 683 3168 1511
704 3134 866 3179 Hutten,
886 3136 924 3170 in
950 3148 971 3169 a

851 2985 972 3029 “sup-

970 3197 1028 3238 41

1044 2294 1139 2324 state
1153 2291 1196 2324 of
1209 2291 1439 2334 destitution,
1452 2292 1659 2336 journeyed
1673 2292 1721 2338 by
1733 2304 1809 2338 way

1044 2337 1086 2371 of
1108 2337 1285 2372 Bohemia
1310 2339 1383 2372 and
1410 2339 1550 2373 Wlorax
1542 2351 1575 2372 1a
1592 2344 1631 2373 to
1650 2339 1803 2374 Vienna.

1042 2384 1140 2419 That
1172 2386 1248 2430 city
1280 2384 1430 2431 already
1460 2386 1547 2420 held
1580 2398 1691 2431 many
1724 2398 1808 2431 sup-

1043 2436 1191 2477 porters
1217 2423 1259 2465 df
1282 2433 1346 2467 the
1372 2432 1462 2467 New
1489 2433 1684 2478 Learning.
1739 2433 1809 2467 Va-

1043 2479 1175 2513 dianus
1204 2479 1390 2522 (Joachim
1424 2492 1495 2514 von
1532 2480 1577 2511 XV
1581 2480 1665 2523 att),
1699 2480 1808 2515 Peter

1042 2525 1233 2560 Eberbach
1252 2526 1294 2559 of
1315 2527 1459 2570 Erfurt‚
1478 2528 1550 2561 and
1568 2527 1693 2561 others
1710 2526 1760 2560 liv
1762 2528 1807 2561 ed

1042 2573 1150 2608 there
1183 2575 1221 2607 in
1258 2586 1278 2607 a
1317 2575 1595 2617 contubernium,
1629 2585 1670 2608 or
1711 2585 1806 2608 com-

1043 2621 1189 2666 munity
1224 2620 1387 2666 (usually
1420 2621 1461 2655 of
1492 2633 1580 2666 poor
1612 2620 1804 2665 scholars),

1041 2668 1114 2701 and
1126 2667 1335 2713 hospitably
1348 2669 1514 2702 received
1533 2668 1596 2701 the
1609 2668 1806 2702 wanderer.

1042 2714 1121 2749 The
1146 2719 1304 2749 account
1332 2715 1441 2759 given
1473 2714 1518 2759 by
1545 2714 1749 2748 Krabacius
1777 2716 1807 2749 is

1042 2761 1221 2807 probably
1240 2761 1402 2796 founded
1420 2773 1468 2795 on
1488 2762 1563 2795 fact
1581 2774 1589 2801 ;
1616 2762 1660 2795 be
1677 2762 1751 2796 this
1768 2774 1807 2796 as

1043 2810 1073 2842 it
1106 2820 1203 2854 may,
1236 2808 1383 2842 Hutten
1417 2807 1601 2853 suddenly
1630 2809 1806 2844 vanished

1042 2856 1138 2889 from
1157 2855 1300 2889 Vienna
1319 2856 1356 2888 in
1375 2854 1439 2888 the
1453 2859 1608 2888 autumn
1628 2856 1670 2889 of
1685 2857 1785 2891 1511.

1090 2901 1116 2921 ¹⁵
1141 2904 1361 2935 intitulatus:
1379 2901 1545 2936 eniolled
1557 2903 1806 2939 asamember

1041 2950 1083 2983 of
1095 2949 1160 2983 the
1180 2948 1406 2991 Lnneisltx
1426 2948 1695 2984 mat11culated

1088 2996 1117 3015 ²²
1140 2997 1315 3029 tibimvit:
1332 2995 1417 3029 Ger.
1438 2997 1567 3038 duzan,
1589 2996 1645 3031 Fr.
1661 3001 1806 3040 tzetoeser,

1042 3043 1120 3076 “to
1145 3042 1231 3076 thee
1256 3041 1329 3075 and
1356 3042 1458 3076 thou.
1467 3042 1486 3053 ”
1537 3042 1624 3077 Cf.
1633 3044 1693 3077 ‘If
1712 3044 1803 3078 thou

1039 3088 1141 3123 thou’
1146 3093 1180 3122 st
1197 3089 1272 3122 him
1292 3100 1392 3123 some
1410 3089 1543 3132 thrice,
1563 3091 1593 3124 it
1617 3090 1713 3125 shall
1739 3096 1806 3126 not

1039 3137 1082 3170 be
1099 3135 1242 3170 amiss.”
1296 3137 1324 3168 T
1325 3137 1436 3178 welt'th
1453 3138 1577 3180 Xiqkt,
1596 3138 1645 3171 iii.
1665 3138 1698 3172 2.

1844 1369 1880 1398 10

1843 1708 1881 1737 15

1844 2044 1881 2073 20
