2247 3637
239 244 292 282 11.
317 246 384 294 59]
478 231 919 289 IOHANNES
974 232 1783 289 COCLEARILIGNEUS

241 342 314 390 Et
353 342 457 390 dixi
496 341 569 390 ei:
607 341 749 389 “hoc
788 357 884 405 ego
927 341 1042 389 volo
1085 357 1281 388 servare
1322 357 1485 404 usque
1526 342 1590 389 ad
1631 357 1834 405 promo-

239 409 478 466 tione1n‚'’
520 409 733 456 innuens
775 407 914 471 quod
955 407 1164 455 deberet
1203 408 1310 472 pati
1352 408 1656 456 reiicionem.
1730 408 1832 456 Re-

240 477 447 541 spondit
503 476 636 540 ipse:
698 483 841 538 “ego
899 475 1184 522 merdarem
1233 474 1374 522 vobis
1433 491 1581 539 super
1642 481 1835 523 vestros

242 544 644 598 baculaureatUS,
670 548 722 590 et
756 542 840 589 ibo
872 542 935 588 ad
970 541 1192 597 Italiam,
1220 541 1307 589 ubi
1344 548 1693 605 praeceptores
1730 559 1834 590 non

241 610 504 675 decipiunt
551 609 619 657 sic
668 625 783 657 suos
825 608 1114 672 discipulos,
1154 615 1206 656 et
1254 624 1357 655 non
1406 608 1597 656 habent
1644 609 1696 656 in
1739 627 1833 656 usu
1893 630 1907 638 -

241 676 360 725 istas
385 677 624 725 fantasias
647 676 892 724 facientes
929 675 1222 723 bacularios.
1297 675 1398 723 Sed
1424 676 1630 739 quando
1656 675 1834 738 aliquis

241 750 319 792 est
368 745 566 798 doctus,
603 750 728 791 tunc
776 743 930 791 habet
978 743 1252 790 honorem:
1301 742 1506 806 quando
1548 748 1722 790 autem
1760 750 1836 791 est

242 811 494 867 indoctus,
521 811 738 859 habetur
773 810 903 858 sicut
928 810 1053 857 alius
1079 810 1293 857 asinus.''
1362 809 1436 857 Et
1461 809 1567 856 dixi
1593 809 1666 858 ei:
1706 818 1734 836 ‘⁴
1753 810 1834 857 Tu

241 877 448 934 ribalde‚
477 878 629 926 velles
654 884 713 925 tu
750 877 1111 942 parvipendere
1146 877 1364 941 gradum
1390 876 1722 924 bacalariatus
1748 877 1835 939 qui

242 951 320 993 est
367 962 555 1009 magna
601 944 895 1008 dignitas?”
985 945 1132 992 Tunc
1180 943 1456 1008 respondit,
1499 944 1638 1007 quod
1680 943 1836 991 etiam

242 1027 345 1059 non
384 1018 582 1060 curaret
617 1011 981 1075 magisterium.
1056 1011 1130 1059 Et
1166 1011 1325 1059 dixit:
1376 1018 1517 1075 “ego
1560 1010 1731 1057 audivi
1774 1011 1837 1058 ab

242 1080 405 1127 amico
449 1096 563 1127 meo
605 1079 743 1142 quod
785 1079 990 1142 quando
1032 1079 1176 1126 stetit
1224 1078 1499 1133 Bononiae,
1542 1084 1666 1125 tunc
1709 1077 1839 1126 vidit

241 1147 381 1209 quod
406 1162 583 1194 omnes
609 1146 838 1210 magistri
875 1145 1062 1193 artium
1087 1162 1150 1194 ex
1175 1145 1422 1192 Almania
1450 1145 1839 1209 deponebantur

241 1220 490 1276 tanquam
532 1213 694 1268 beani,
737 1213 810 1260 Et
854 1212 1101 1277 simplicia
1137 1213 1400 1277 supposita
1435 1228 1567 1259 non:
1611 1212 1750 1268 Quia
1785 1212 1838 1260 in

246 1280 396 1327 Italia
441 1279 658 1327 habetur
703 1296 794 1344 pro
836 1280 1090 1345 vituperio
1130 1279 1337 1343 quando
1379 1279 1559 1342 aliquis
1601 1286 1677 1328 est
1722 1296 1837 1344 pro-

243 1353 415 1394 motus
473 1347 525 1394 in
584 1346 830 1394 Almania
888 1347 939 1394 in
998 1346 1304 1410 magistrum
1352 1346 1433 1395 vel
1477 1346 1838 1395 bacularium.''

243 1414 382 1462 Ecce
423 1413 546 1461 talia
588 1413 824 1461 scandala
865 1414 1009 1461 fiunt.
1083 1413 1225 1477 Ergo
1263 1413 1448 1461 vellem
1485 1414 1623 1477 quod
1660 1430 1838 1462 omnes

243 1480 599 1529 universitates
641 1481 871 1528 facerent
912 1480 964 1528 in
1007 1480 1159 1528 simul
1195 1487 1246 1528 et
1285 1480 1648 1528 concluderent
1685 1481 1839 1529 simul

242 1564 420 1596 omnes
455 1554 633 1612 poetas
669 1554 723 1595 et
758 1548 1090 1603 humanistas‚
1128 1547 1247 1611 quia
1283 1548 1558 1596 destruunt
1592 1548 1839 1597 universi-

241 1621 389 1663 tates.
463 1614 715 1679 Magister
757 1614 1194 1679 Langschneyder
1235 1621 1288 1662 et
1328 1614 1570 1678 magister
1617 1615 1839 1680 Negelin

243 1689 294 1731 et
345 1683 420 1730 M.
474 1682 792 1730 Kachelofen
851 1688 903 1730 et
962 1682 1038 1729 Μ.
1088 1680 1354 1729 Arnoldus
1414 1681 1740 1730 Wustenfelt
1787 1690 1838 1731 et

242 1750 423 1798 doctor
466 1749 774 1798 Ochsenfart
812 1748 996 1798 mttisit
1032 1764 1122 1796 vos
1160 1748 1391 1796 salutare.
1466 1748 1663 1797 Valete.
1737 1750 1836 1798 Da.

245 1816 496 1883 Liptzick.

973 2017 1110 2064 LIX

370 2152 432 2200 (Ι
470 2152 508 2199 Ι
510 2152 632 2200 ΟΗ
627 2152 678 2199 Α
686 2152 913 2199 NNES
946 2151 1039 2200 CO
1045 2151 1249 2199 CLEA
1257 2152 1349 2199 ΕΙ
1348 2151 1442 2199 LI
1443 2152 1618 2200 GNE
1628 2152 1720 2200 US

697 2219 776 2267 M.
820 2219 1036 2267 Ortvc'no
1076 2219 1265 2267 Gratio
1291 2220 1379 2266 Su.

354 2353 798 2402 OMMISISTIS
838 2352 962 2400 mihi
1003 2352 1142 2415 quod
1184 2352 1389 2416 quando
1430 2360 1508 2401 est
1550 2353 1628 2402 hic
1672 2354 1840 2411 missa,

396 2427 523 2469 tunc
560 2420 721 2469 debeo
759 2422 1070 2484 interrogare
1112 2420 1176 2467 ab
1217 2420 1455 2467 omnibus
1496 2420 1841 2468 kauffmannis

242 2488 331 2551 qui
368 2488 582 2536 veniunt
619 2505 682 2536 ex
718 2488 928 2536 diversis
963 2486 1211 2551 partibus,
1243 2487 1306 2535 de
1347 2486 1433 2534 illa
1475 2487 1838 2543 coniuratione,

242 2556 305 2602 de
352 2572 453 2618 qua
500 2555 748 2620 scriptum
796 2561 874 2604 est
916 2553 1074 2610 vobis,
1124 2554 1243 2618 quia
1290 2553 1483 2602 debent
1530 2571 1636 2603 esse
1684 2555 1840 2619 aliqui

242 2628 426 2685 poetae
467 2628 521 2670 et
563 2623 770 2672 iuristae
817 2621 906 2687 qui
952 2621 1187 2670 fecerunt
1234 2621 1657 2677 coniurationem,
1701 2621 1840 2685 quod

244 2688 427 2737 volunt
475 2691 548 2737 10.
597 2690 852 2738 Reuchlin
900 2688 1173 2736 defendere
1221 2695 1274 2735 et
1322 2694 1500 2736 contra
1548 2688 1841 2753 Theologos

244 2755 575 2804 Colonienses
600 2763 651 2805 et
675 2758 857 2806 fratres
881 2756 1255 2822 praedicatores
1281 2755 1511 2809 scribere,
1539 2756 1634 2803 nisi
1665 2756 1841 2804 statim

242 2821 517 2871 dimittunt
551 2824 872 2888 praedictum
912 2825 985 2871 10.
1026 2821 1284 2870 Reuchlin
1303 2839 1312 2869 ε
1352 2821 1533 2869 Sciatis
1571 2823 1709 2886 quod
1744 2823 1841 2871 feci

287 2937 314 2956 ⁸⁰
339 2941 624 2984 Lanyschneyder
637 2953 649 2976 :
667 2942 689 2976 i.
710 2943 738 2976 1.
1097 2985 1107 2996 Υ
1123 2937 1151 2992 ⁸}
1185 2940 1338 2973 Wusten.
1351 2949 1363 2973 .·
1378 2938 1498 2973 thrice
1515 2939 1652 2974 Rector
1669 2941 1711 2975 of
1724 2941 1840 2987 Leips.

288 3028 315 3048 ²³⁰
341 3032 510 3074 Neyelz’n:
528 3032 551 3065 i.
574 3032 626 3066 18.
1077 2986 1314 3066 havoth-sen.
1328 3044 1340 3066 .·
1401 3031 1490 3067 Vice
1504 3051 1518 3058 -
1533 3033 1754 3070 Chancellor
1804 3036 1846 3070 of

1079 3079 1193 3124 Leips.
1216 3079 1320 3112 Univ.
1340 3079 1377 3112 in
1398 3079 1498 3114 1508.

287 3119 316 3139 ⁶¹
344 3123 552 3165 Kaclzeloffin
565 3134 576 3156 .·
594 3123 615 3156 i.
636 3121 690 3156 38.
1125 3125 1153 3145 ⁸2
1179 3130 1249 3160 mtt.
1264 3137 1276 3160 .·
1293 3126 1350 3159 for
1369 3129 1521 3162 mittunt.

1009 3185 1106 3228 255

1873 963 1910 994 70

1875 1299 1912 1329 75

1874 1634 1912 1664 80

1877 2843 1914 2872 10
