2247 3637
296 567 334 595 15

298 901 337 930 20

299 1233 337 1263 25

297 1573 335 1602 30

294 1912 333 1941 35

294 2248 332 2277 40

367 306 837 362 EPISTOLAE
901 306 1491 364 OBSCURORUM
1544 306 1955 363 VIRORUM

365 414 588 462 deterius
613 413 706 461 sibi
732 413 924 477 aliquid
949 414 1260 478 contingat‚”
1285 422 1344 462 ut
1368 414 1492 462 dicit
1516 413 1753 462 dominus
1786 421 1959 462 noster

366 480 418 528 in
443 481 720 544 evangelio.
794 481 944 528 Prius
969 481 1105 529 enim
1135 483 1187 529 in
1214 482 1432 546 Speculo
1459 480 1666 528 Oculari
1703 482 1772 529 sic
1809 481 1957 545 scrip-

367 548 431 596 sit
479 547 776 595 mirabiliter
822 549 960 611 quod
1009 549 1238 613 magistri
1296 548 1456 596 nostri
1515 564 1619 595 non
1677 554 1957 612 potuerunt

366 614 676 678 intelligere:
731 622 783 663 et
829 622 1004 663 tamen
1050 616 1291 664 dixerunt
1337 615 1475 679 quod
1522 621 1600 662 est
1646 614 1957 663 haereticus:

367 681 482 729 ideo
507 682 627 745 quia
651 698 755 729 non
791 683 982 730 habent
1018 683 1088 730 sic
1124 683 1176 730 in
1211 682 1349 730 libris
1386 682 1502 737 suis,
1528 681 1660 730 sicut
1696 682 1779 729 ille
1805 682 1957 746 scrip-

369 749 448 804 sit,
476 765 642 812 neque
667 766 830 796 novus
855 765 1033 797 eorum
1055 750 1326 814 theologus
1351 765 1505 812 quem
1530 749 1655 796 deus
1690 749 1958 797 suscitavit

370 832 433 863 ex
469 816 736 879 lapidibus,
774 823 834 864 ut
869 822 1000 864 esset
1036 833 1210 865 semen
1247 816 1501 872 Abrahae,
1540 815 1671 864 sicut
1709 817 1960 880 scriptura

370 882 510 938 dicit,
538 882 775 931 videlicet
804 883 1022 931 Ioannes
1050 884 1376 932 Pfefferkorn
1401 883 1555 930 habet
1593 883 1663 930 sic
1688 899 1751 930 ex
1776 883 1958 931 deifica

371 949 562 998 visione
599 966 686 997 seu
723 950 1092 998 manifestione.
1154 951 1253 998 Vel
1288 967 1351 998 ex
1388 950 1488 997 fide
1523 950 1678 1014 digna
1713 950 1959 998 relatione

371 1017 541 1065 uxoris
578 1034 724 1065 suae:
762 1035 917 1081 quam
955 1017 1125 1065 audivi
1160 1017 1315 1066 etiam
1351 1017 1536 1065 habere
1573 1017 1806 1080 spiritum
1850 1034 1959 1081 pro-

370 1083 587 1148 phetiae.
651 1085 735 1132 De
755 1101 859 1148 quo
879 1101 968 1132 vos
987 1085 1168 1133 melius
1185 1084 1321 1133 scitis
1342 1101 1498 1148 quam
1517 1101 1614 1148 ego
1633 1101 1643 1132 z
1669 1085 1790 1148 quia
1809 1100 1958 1148 saepe

373 1166 489 1197 cum
519 1168 577 1199 ea
606 1151 772 1199 fuistis
797 1153 1004 1216 quando
1035 1152 1253 1199 Ioannes
1286 1151 1610 1199 Pfefferkorn
1643 1168 1745 1198 non
1775 1151 1876 1199 fuit
1905 1151 1957 1198 in

371 1217 539 1265 domo.
616 1219 717 1266 Sed
754 1219 923 1267 nescio
964 1236 1052 1282 per
1093 1219 1264 1274 deum,
1302 1219 1562 1282 quomodo
1598 1218 1856 1266 Reuchlin
1893 1218 1958 1266 sit

369 1301 459 1348 per
493 1301 582 1332 vos
620 1286 859 1333 confusus
895 1292 984 1333 aut
1020 1303 1109 1350 per
1143 1302 1343 1350 papam.
1417 1285 1554 1341 Quia
1589 1286 1691 1333 iam
1726 1285 1959 1334 fecerunt

370 1368 559 1399 novam
595 1352 896 1400 facultatem
932 1353 1067 1401 ultra
1091 1352 1211 1400 alias
1236 1359 1482 1416 quattuor
1517 1353 1804 1408 facultates,
1832 1370 1957 1417 quas

370 1418 470 1466 iam
518 1419 818 1468 habuimus:
878 1427 931 1468 et
979 1436 1155 1467 omnes
1213 1419 1284 1467 illi
1342 1420 1553 1467 laudant
1601 1420 1858 1468 Reuchlin
1906 1426 1958 1467 et

369 1486 548 1533 dicunt
571 1487 710 1550 quod
747 1493 865 1534 sunt
891 1487 996 1535 eius
1021 1487 1282 1551 discipuli:
1320 1493 1371 1534 et
1396 1503 1499 1534 non
1524 1494 1704 1535 curant
1741 1487 1958 1551 amplius

368 1552 670 1602 facultatem
695 1554 1015 1610 Artisticam,
1042 1570 1102 1601 eo
1126 1554 1265 1617 quod
1301 1554 1508 1602 artistae
1533 1561 1653 1602 sunt
1688 1555 1759 1601 ita
1784 1554 1959 1618 magni

369 1625 420 1667 et
463 1621 664 1684 superbi
706 1621 861 1670 asini:
915 1622 1034 1685 quia
1080 1637 1182 1668 non
1229 1621 1390 1668 sciant
1437 1621 1534 1668 tria
1581 1627 1670 1668 aut
1712 1628 1958 1684 quattuor

368 1688 521 1735 verba
545 1687 700 1735 latine
719 1688 874 1752 loqui,
902 1695 954 1736 et
991 1688 1087 1735 vah
1123 1687 1237 1735 illae
1274 1687 1464 1736 bestiae
1500 1689 1750 1736 seducunt
1788 1688 1958 1753 plures

367 1753 665 1802 innocentes
689 1755 898 1803 iuvenes
922 1755 1009 1818 qui
1045 1761 1318 1830 postquam
1354 1756 1561 1819 longam
1591 1762 1816 1803 aetatem
1842 1772 1957 1803 con-

367 1820 552 1870 trivere
576 1828 629 1870 et
652 1822 796 1885 quasi
831 1822 1057 1870 immersi
1081 1822 1133 1869 in
1157 1821 1249 1868 hac
1274 1823 1439 1870 omnis
1466 1822 1709 1870 barbariei
1733 1839 1956 1887 nequam

367 1888 580 1943 sentina,
639 1889 910 1937 redeuntes
968 1890 1019 1936 in
1077 1895 1312 1953 paternas
1370 1890 1518 1937 aedes
1576 1889 1702 1936 nihil
1758 1896 1958 1954 p1aeter

368 1962 396 1981 “
414 1955 686 2019 Arguitur,
748 1957 1126 2021 Respondetur,
1177 1955 1499 2011 Quaeritur³⁹
1550 1956 1785 2006 didicere,
1834 1974 1955 2020 quo-

365 2038 480 2069 rum
504 2022 573 2069 dii
607 2022 893 2080 Tateretus‚
925 2024 969 2070 V
973 2039 1121 2079 ersor‚
1148 2023 1434 2079 Perversor,
1462 2023 1765 2079 Buridanus,
1793 2024 1958 2070 Brux-

366 2088 581 2144 ellensis‚
609 2096 661 2137 et
694 2090 745 2137 id
777 2107 939 2154 genus
965 2090 1152 2138 similes
1176 2090 1358 2138 turbae
1382 2090 1625 2138 obscurae
1651 2096 1783 2137 sunt.
1857 2090 1956 2138 Est

364 2161 541 2203 tamen
566 2156 754 2204 mirum
779 2157 917 2221 quod
942 2174 1073 2204 unus
1110 2157 1324 2221 simplex
1361 2158 1572 2205 studens
1597 2164 1686 2206 aut
1713 2164 1956 2205 cornutus

366 2223 478 2270 vult
503 2222 617 2288 plus
643 2224 768 2271 scire
793 2224 893 2271 iam
919 2224 971 2271 in
997 2224 1281 2272 Aristotele
1306 2240 1461 2288 quam
1497 2224 1955 2273 baccalaureandus

365 2296 455 2337 aut
480 2290 855 2354 magistrandus
879 2291 967 2354 qui
1003 2291 1200 2338 audivit
1237 2308 1442 2338 cursum
1467 2297 1519 2339 et
1544 2298 1621 2339 est
1646 2292 1774 2339 bene
1799 2291 1954 2355 quali-

365 2356 558 2405 ficatus.
637 2358 741 2422 Ipsi
778 2359 933 2406 etiam
975 2375 1078 2406 non
1121 2364 1241 2405 sunt
1284 2358 1641 2406 reverentiales
1684 2358 1953 2422 magistris,

364 2430 418 2471 et
452 2425 657 2487 quando
694 2431 813 2472 ante
849 2441 1013 2472 unum
1050 2425 1262 2480 vadunt,
1300 2442 1403 2472 non
1438 2432 1662 2489 tangunt
1706 2425 1954 2473 birretum

364 2491 515 2551 (sicut
541 2491 694 2539 moris
719 2496 816 2552 est)
843 2498 894 2541 et
931 2509 1128 2555 semper
1164 2492 1345 2540 volunt
1379 2492 1704 2555 frequentare
1739 2492 1954 2539 domum

409 2660 436 2679 ¹⁵
463 2662 609 2695 mimda:
642 2663 697 2695 Le.
733 2661 770 2694 in
807 2660 989 2694 “Middle
1025 2660 1125 2703 High
1242 2658 1268 2677 ³⁷
1301 2662 1447 2695 Burid.:
1488 2661 1583 2695 ‹Jean
1630 2661 1804 2703 Buridan,
1842 2663 1889 2694 oh.
1926 2674 1954 2696 ι’.

362 2707 557 2742 German.''
1197 2706 1296 2741 1358.
1350 2707 1455 2751 Pupil
1476 2708 1517 2741 of
1531 2707 1695 2741 william
1715 2709 1756 2741 of
1772 2708 1954 2751 Ockham,

408 2754 434 2772 ³⁷
464 2757 576 2789 Tater.
592 2767 603 2789 .·
659 2755 790 2789 Petrus
831 2754 1060 2796 Tartaretus,
1104 2766 1125 2787 a
1197 2754 1329 2788 Rector
1356 2755 1396 2788 of
1417 2755 1480 2789 the
1507 2755 1612 2788 Univ.
1638 2755 1680 2788 of
1701 2754 1816 2797 Paris,
1844 2754 1957 2798 13273

361 2806 643 2847 contemporary
676 2801 889 2846 theologian
931 2802 973 2834 of
1010 2801 1124 2843 Paris,
1193 2813 1212 2833 a
1239 2802 1362 2834 writer
1386 2812 1433 2834 on
1460 2801 1690 2847 philosophy,
1717 2802 1797 2836 best
1823 2802 1956 2836 known

361 2849 495 2883 author
535 2849 577 2883 of
613 2861 724 2894 many
757 2849 1037 2882 commentaries
1078 2860 1125 2881 on
1193 2848 1286 2881 from
1302 2848 1357 2881 his
1374 2849 1590 2882 association
1608 2849 1694 2882 with
1713 2849 1777 2883 the
1795 2849 1954 2894 sophisrn

362 2895 542 2929 Aristotle
559 2897 631 2929 and
650 2896 706 2929 his
724 2899 1019 2929 eommeutators.
1193 2894 1234 2927 of
1249 2896 1275 2911 “
1290 2895 1484 2928 Buridan’s
1507 2895 1576 2929 Ass
1589 2895 1607 2911 '⁹
1634 2895 1790 2939 (though
1815 2908 1836 2929 a
1858 2897 1954 2930 simi-

409 2941 435 2960 ³⁷
469 2944 619 2977 Versor:
647 2943 804 2976 another
830 2942 993 2976 Parisian
1021 2940 1126 2975 theo·
1192 2940 1247 2974 lar
1267 2941 1386 2975 “ease
1401 2941 1419 2957 ''
1437 2943 1466 2975 is
1487 2943 1633 2977 mooted
1658 2942 1705 2988 by
1723 2943 1854 2986 Dante,
1875 2942 1955 2978 Par.

363 2988 486 3033 logian
526 2990 568 3023 of
596 2989 660 3023 the
694 2989 804 3023 XVth
840 2990 943 3023 Ceut.
995 2988 1126 3032 (Tour-
1194 2988 1284 3031 1V.).

362 3035 498 3079 neur?)
1240 3033 1266 3052 ³⁷
1306 3037 1441 3069 Britan:
1481 3036 1662 3081 Georgius
1698 3037 1754 3078 B„
1789 3048 1809 3069 a
1843 3036 1955 3070 thh

409 3081 434 3100 ³⁷
462 3085 673 3117 Parum-sor.-
704 3082 886 3117 Reuchlin
912 3083 948 3116 in
974 3082 1029 3115 his
1058 3084 1125 3115 De·
1193 3082 1296 3116 (ent.
1317 3082 1540 3117 nominalist.
1589 3086 1657 3117 See
1675 3083 1957 3128 F01)pe11s‚Bibl.

352 3131 485 3172 scmio,
502 3130 605 3172 1513,
621 3129 737 3164 called
757 3130 913 3172 Ortwin,
936 3130 962 3147 “
975 3129 1120 3163 Artium
1197 3130 1299 3171 Bely„
1318 3140 1352 3173 p.
1371 3128 1449 3163 332.

363 3188 567 3221 perversor,
588 3176 685 3210 volui
704 3177 918 3222 professor.”
1238 3174 1266 3193 ⁴⁴
1290 3177 1377 3210 dom.
1392 3188 1404 3210 .·
1430 3179 1481 3210 zze.
1501 3178 1664 3219 lupanar.

1122 3236 1217 3277 264
