2247 3637
186 283 215 321 1.
241 282 281 336 s]
424 270 948 330 FRANCISCUS
1001 265 1537 326 GENSELINUS

186 389 454 448 propterea
511 382 663 430 audio
721 381 859 444 quod
919 378 1218 427 universitas
1279 375 1596 424 Coloniensis
1654 373 1777 422 fecit

186 468 349 498 unum
370 456 624 497 statutum
644 448 783 512 quod
807 463 1074 512 nunquam
1100 445 1151 493 in
1177 451 1443 492 aeternum
1463 442 1646 490 volunt
1663 457 1779 505 pro-
1812 454 1849 482 20

187 534 392 565 movere
428 532 590 564 unum
627 516 715 578 qui
753 514 1033 579 complevit
1062 529 1152 577 pro
1176 511 1338 576 gradu
1364 509 1778 558 baccalaureatus

187 585 268 633 vel
293 582 571 648 magisterii
596 583 647 630 in
676 582 1051 645 Heidelberga:
1089 586 1140 627 et
1165 585 1243 627 est
1267 579 1396 626 bene
1420 577 1634 631 factum,
1659 575 1779 638 quia

186 652 255 698 sic
293 652 483 699 debent
519 649 710 698 discere
745 649 869 713 quid
905 655 982 696 est
1017 646 1319 694 universitas
1356 642 1689 698 Coloniensis,
1727 648 1779 688 et

186 718 282 766 alia
306 718 415 765 vice
440 717 630 764 debent
661 723 835 764 tenere
872 732 990 764 cum
1027 731 1097 762 ea.
1159 713 1277 777 Ego
1314 711 1498 759 vellem
1534 710 1673 773 quod
1711 708 1778 756 sic

186 786 413 833 facerent
456 784 580 839 aliis,
618 784 705 831 sed
748 783 897 831 credo
933 782 1072 844 quod
1111 780 1237 828 aliae
1275 778 1634 827 universitates
1676 792 1779 823 non

186 852 458 900 sciverunt.
532 850 605 897 Et
641 850 797 914 igitur
832 849 1035 914 parcitis
1072 847 1141 896 eis
1178 853 1385 912 propter
1420 844 1776 909 ignorantiam.

187 919 364 967 Etiam
400 918 610 981 quidam
649 918 813 965 socius
849 916 992 964 dedit
1015 915 1140 962 mihi
1165 914 1376 979 pulchra
1402 911 1626 961 carmina
1649 927 1781 974 quae

188 985 384 1034 debetis
443 985 705 1032 intimasse
776 984 829 1031 in
884 983 1217 1030 universitate
1277 979 1583 1035 Coloniensi,
1649 994 1780 1041 quae

187 1053 385 1101 ostendi
445 1051 724 1116 Magistris,
781 1057 832 1099 ct
892 1049 1155 1113 ll‘lagistris
1214 1048 1413 1104 nostris,
1462 1053 1514 1094 et
1571 1046 1781 1093 fuerunt

188 1120 414 1168 multum
451 1119 824 1167 commendata.
896 1117 970 1164 Et
995 1116 1108 1164 misi
1134 1116 1219 1163 illa
1244 1116 1307 1163 ad
1333 1114 1523 1162 multas
1549 1113 1780 1161 civitates
1816 1123 1834 1151 3

188 1205 278 1252 pro
315 1194 483 1235 vestra
517 1186 693 1250 gloria,
719 1185 840 1248 quia
876 1185 1024 1232 faveo
1064 1184 1221 1231 vobis.
1302 1183 1374 1230 Et
1413 1188 1533 1228 sunt
1571 1180 1683 1235 ista,
1723 1185 1782 1226 ut

187 1255 355 1302 sciatis
391 1254 515 1317 quid
552 1259 680 1317 puto
699 1271 778 1301 :—

349 1371 429 1417 Qui
449 1370 536 1407 vult
553 1369 690 1419 legere
712 1368 934 1405 haereticas
954 1369 1171 1416 pravitates

349 1425 402 1461 Et
422 1438 512 1461 cum
534 1423 609 1460 hoc
629 1423 784 1459 discere
805 1422 929 1458 bonas
949 1422 1185 1466 latinitates‚

350 1478 425 1515 Ille
446 1478 571 1515 debet
590 1489 726 1513 emere
749 1475 1079 1511 Parrhisiensium
1100 1480 1190 1510 acta

349 1533 404 1569 Et
423 1534 572 1581 scripta
591 1531 643 1568 de
666 1529 862 1566 Parrhisia
883 1541 1013 1577 nuper
1031 1527 1151 1573 facta,

350 1585 564 1632 Quomodo
587 1583 785 1622 Reuchlin
807 1586 847 1619 in
869 1582 947 1619 fide
969 1584 1130 1627 erravit,

349 1640 461 1678 Sicut
481 1642 674 1689 magister
693 1642 832 1674 noster
851 1636 1062 1686 Tungarus
1083 1635 1360 1672 doctrinaliter
1380 1634 1576 1684 probavit.

349 1694 424 1731 Illa
443 1694 530 1730 vult
550 1695 743 1742 magister
763 1691 958 1728 Ortvinus
979 1690 1117 1739 legere

350 1748 498 1792 Gratis,
520 1750 561 1784 in
583 1747 658 1783 hac
678 1746 782 1782 alma
804 1746 1083 1789 universitate,

347 1802 401 1838 Et
421 1815 510 1839 cum
532 1801 609 1838 hoc
629 1805 788 1837 textum
809 1800 958 1848 ubique
978 1798 1134 1848 glosare

347 1856 519 1893 Necnon
539 1855 738 1905 quaedam
759 1853 954 1890 notabilia
974 1855 1015 1888 in
1036 1854 1217 1902 margine
1240 1855 1395 1896 notare,

348 1911 402 1947 Et
422 1910 507 1946 vult
526 1921 696 1959 arguere
718 1922 789 1956 pro
810 1912 852 1944 et
872 1912 1024 1953 contra,

349 1964 462 2002 Sicut
483 1963 668 2001 fecerunt
689 1962 887 2011 Theologi
909 1964 950 1997 in
973 1959 1182 2004 Parrhisia,

349 2018 524 2065 Quando
545 2017 754 2067 speculum
775 2016 933 2052 oculare
955 2017 1294 2051 examinaverunt

348 2073 403 2109 Et
424 2072 623 2109 Reuchlin
643 2069 931 2120 magistraliter
950 2069 1258 2112 damnaverunt,

349 2128 408 2165 Ut
427 2129 560 2163 sciunt
580 2125 723 2162 fratres
743 2124 984 2161 Can-melitae

349 2181 403 2218 Et
422 2181 489 2217 alii
510 2182 577 2230 qui
600 2183 795 2216 vocantur
816 2178 1034 2215 Iacobitae.

187 2284 305 2348 Ego
346 2283 501 2330 miror
538 2280 801 2346 quomodo
838 2278 1053 2345 potestis
1091 2278 1165 2326 ita
1207 2275 1455 2341 speculari
1493 2274 1643 2322 talia:
1699 2290 1787 2320 vos

187 2351 308 2400 estis
356 2350 503 2398 valde
561 2348 835 2396 artificialis
884 2348 937 2395 in
985 2344 1444 2411 compositionibus
1492 2341 1685 2398 vestris,
1735 2346 1787 2388 et

187 2418 385 2466 habetis
445 2433 689 2481 magnam
748 2414 1090 2469 dulcedinem,
1141 2413 1213 2460 ita
1259 2411 1399 2475 quod
1447 2426 1646 2473 semper
1692 2424 1787 2470 ego

185 2486 326 2533 rideo
351 2501 470 2549 prae
498 2483 709 2539 laetitia,
736 2482 944 2546 quando
969 2482 1085 2545 lego
1122 2479 1314 2542 aliquid
1351 2477 1490 2541 quod
1528 2493 1617 2524 vos
1654 2491 1787 2522 com-

187 2552 444 2618 posuistis,
470 2558 522 2600 et
548 2556 672 2615 opto
708 2566 907 2614 semper
942 2548 1082 2612 quod
1118 2547 1284 2595 velitis
1320 2545 1409 2593 diu
1444 2543 1613 2592 vivere
1649 2542 1787 2604 quod

234 2685 260 2705 ¹⁹
285 2688 402 2729 audio,
433 2685 496 2719 &c-
556 2684 645 2718 This
674 2684 795 2728 gossip
822 2682 864 2717 of
887 2682 951 2716 the
1021 2684 1107 2716 cant
1120 2680 1241 2714 Order
1254 2679 1296 2713 of
1309 2675 1526 2711 Carmelites
1540 2686 1609 2707 was
1627 2672 1789 2707 founded

187 2733 330 2779 worthy
357 2732 581 2767 Genselinus
610 2735 710 2764 must
735 2735 801 2764 not
825 2730 867 2764 be
898 2741 953 2764 re·
1022 2730 1060 2762 in
1092 2727 1193 2761 1209.
1257 2724 1463 2759 Theodoric
1494 2722 1535 2756 of
1558 2721 1688 2754 Gouda
1713 2719 1789 2764 (see

185 2780 323 2826 garded
339 2792 378 2814 as
395 2779 559 2814 founded
577 2790 625 2812 on
642 2778 728 2812 fact.
1023 2777 1044 2809 i.
1072 2776 1104 2817 1)
1123 2785 1193 2808 was
1211 2786 1232 2807 a
1249 2771 1422 2806 member.

233 2825 261 2845 ³⁸
288 2829 484 2871 szyarzcs.
509 2825 650 2860 Arnold
666 2837 736 2859 von
750 2824 953 2868 Tongern’s
1070 2821 1097 2839 ⁴⁸
1124 2822 1318 2855 Iacobitae:
1359 2822 1437 2859 not,
1473 2816 1514 2849 of
1545 2827 1687 2857 course,
1724 2813 1788 2847 the

186 2874 311 2908 attack
330 2886 428 2919 upon
448 2872 631 2908 Reuchliu
646 2872 791 2917 (briefly
804 2870 901 2905 cited
915 2883 954 2904 as
1021 2869 1207 2903 Jacobites
1220 2867 1261 2900 of
1274 2866 1337 2900 the
1351 2865 1507 2898 Eastern
1526 2861 1686 2896 Church.
1733 2860 1787 2895 Cf.

189 2921 252 2955 the
282 2920 485 2954 “Articuli
500 2920 550 2963 ⁹⁷),
580 2919 669 2953 with
697 2919 954 2962 introductory
1024 2916 1158 2948 “Nam
1186 2918 1305 2948 totum
1332 2910 1529 2955 collegium
1555 2914 1633 2943 tota
1658 2908 1789 2942 cohors

187 2967 345 3011 elegiacs
361 2967 409 3013 by
427 2967 570 3001 Ortwin
588 2966 751 3008 Gratius,
771 2965 841 2999 had
860 2965 953 2999 been
1024 2963 1264 3007 profugorum
1285 2959 1487 3002 Hennigno
1505 2957 1604 2990 favet
1625 2960 1663 2990 et
1682 2955 1788 2989 Jaco—

188 3014 382 3060 published
401 3015 439 3047 in
459 3014 559 3047 1512.
1023 3010 1117 3043 bitas
1150 3009 1355 3042 detestatur
1370 3005 1388 3020 ’'
1406 3015 1414 3046 ;
1456 3006 1508 3038 123.
1545 3004 1572 3022 “
1586 3003 1790 3047 Anliiinger

235 3060 262 3079 ³⁹
288 3063 349 3104 leq.
390 3065 508 3104 φαίη·
565 3064 604 3094 to
647 3058 788 3094 deliver
831 3057 955 3103 public
1024 3057 1087 3090 des
1114 3055 1333 3089 Dechanten
1360 3063 1431 3087 von
1459 3052 1492 3084 S.
1521 3051 1645 3085 Severi
1672 3049 1789 3084 Jacob

188 3108 347 3143 lectures
366 3119 475 3152 upon.
1024 3102 1193 3136 Doliator
1233 3102 1271 3134 in
1314 3098 1477 3133 Erfu1·t.’'
1527 3098 1685 3140 Krause,
1723 3098 1790 3130 Die

234 3154 260 3174 ⁴⁷
289 3156 517 3189 Carmentae:
541 3153 606 3188 the
630 3154 791 3197 existing
817 3151 955 3186 mendi·
1029 3149 1332 3192 Briefuevhseldes
1343 3146 1695 3190 Mut.lfuj:,1885‚p.
1710 3143 1788 3178 339.

956 3211 1018 3252 25

1815 790 1853 818 25

1818 1479 1856 1509 35

1820 1747 1858 1776 40

1822 2015 1860 2045 45

1823 2360 1860 2389 50
