2247 3637
229 233 281 272 11.
307 235 374 285 50]

556 222 951 279 ADOLFUS
1006 222 1486 280 CLINGESOR

229 332 357 379 bene
394 331 622 386 memini,
648 332 793 378 nobis
819 331 1209 379 Coloniensibus
1247 350 1275 378 a
1314 332 1544 382 Iohanne
1582 334 1826 381 Lichten-

228 400 407 461 berger
435 397 538 445 sive
568 399 835 462 peregrino
861 399 1008 446 Ruth
1035 398 1284 446 heremita
1311 400 1475 457 (cuius
1501 402 1827 464 prognostica

231 465 537 529 Moguntiae
571 471 680 512 tam
719 465 874 512 latine
909 482 1062 529 quam
1102 466 1367 514 teutonice
1406 467 1648 531 impressa
1684 469 1826 529 sint),

230 533 505 580 vaticinata
524 532 723 579 fuisse.''
786 532 867 579 Sic
888 533 1024 580 enim
1045 533 1218 580 scribit
1236 533 1360 581 folio
1382 534 1553 581 ‚XVL
1585 542 1611 560 ‘⁶
1632 536 1827 583 Atten-

228 600 350 655 dite,
399 616 428 646 ο
477 615 567 646 vos
616 599 913 663 Philosophi
962 599 1306 656 Colonienses‚
1356 617 1420 647 ne
1467 600 1574 665 lupi
1622 619 1827 666 rapaces

228 667 487 714 introeant
529 666 581 712 in
623 666 753 713 ovile
797 673 1053 715 vestrum:
1113 668 1250 714 Nam
1287 667 1606 732 temporibus
1648 670 1827 716 vestris

229 739 481 797 exurgent
504 749 637 780 nova
662 739 714 781 et
739 733 971 781 inaudita
995 734 1046 781 in
1071 734 1294 782 ecclesiis
1321 735 1499 783 vestris
1532 752 1663 798 quae
1688 736 1828 783 almi-

229 807 412 865 potens
448 801 691 849 avertat.'’
764 801 898 848 Cum
933 801 1016 849 ille
1051 801 1272 865 legisset,
1299 803 1445 850 stetit
1469 803 1749 858 modicum,
1776 809 1828 850 et

228 867 476 932 pensavit.
548 867 756 915 Deinde
789 867 946 915 dixit:
987 868 1147 932 “Ego
1173 869 1329 916 miror
1358 869 1633 917 stultitiam
1660 870 1828 917 Theo-

229 935 480 999 logorum.
555 934 776 982 Creditis
823 936 963 998 quod
1011 952 1188 983 omnes
1231 936 1463 984 homines
1505 943 1627 984 sunt
1669 937 1827 1000 pueri,

229 1002 368 1065 quod
399 1001 601 1065 possitis
638 1002 708 1049 eis
745 1003 1046 1065 persuadere
1081 1003 1218 1050 talia.
1294 1004 1395 1051 Sed
1432 1003 1551 1067 quia
1577 1003 1828 1069 Theologi

232 1069 562 1117 Colonienses
606 1069 786 1116 volunt
830 1069 900 1116 ita
948 1069 1159 1117 subtiles
1207 1070 1380 1126 videri,
1423 1087 1519 1134 ego
1561 1072 1830 1119 ostendam

231 1136 374 1184 vobis
408 1153 564 1183 unam
594 1136 916 1200 prophetiam
954 1137 1017 1184 de
1052 1137 1121 1184 Io.
1168 1139 1228 1185 R.
1270 1155 1401 1201 quae
1438 1137 1598 1202 magis
1635 1139 1731 1186 erit
1767 1139 1830 1185 ad

231 1203 565 1268 propositum.
640 1203 713 1250 Et
750 1210 926 1267 postea
961 1204 1322 1252 demonstrabo
1348 1204 1503 1253 etiam
1541 1205 1680 1252 illam
1716 1222 1830 1270 pro-

230 1271 458 1336 phetiam
496 1287 651 1334 quam
692 1270 763 1317 illi
803 1277 1018 1335 ponunt,
1057 1271 1197 1334 quod
1236 1278 1312 1319 est
1351 1289 1443 1336 pio
1484 1272 1739 1320 Reuchlin
1778 1279 1832 1320 et

230 1355 335 1385 non
383 1344 561 1385 contra
607 1346 669 1384 esi
718 1337 932 1385 videatis
979 1337 1137 1401 igitur
1185 1338 1475 1403 Sophoniae
1517 1340 1699 1403 primo,
1743 1340 1832 1388 ubi

230 1405 482 1470 propheta
514 1404 583 1452 sic
611 1404 768 1452 dicit:
808 1404 910 1452 ‘Et
941 1405 1037 1452 erit
1073 1405 1124 1452 in
1155 1411 1389 1469 tempore
1425 1407 1526 1460 illo,
1571 1407 1834 1454 scrutabor

235 1471 599 1521 Hierusalem
588 1488 640 1518 111
665 1471 882 1519 lucernis
908 1478 959 1518 et
978 1471 1194 1520 visitabo
1215 1489 1366 1537 super
1389 1474 1583 1521 defixos
1604 1475 1655 1521 in
1680 1475 1832 1522 faeci—

234 1541 327 1588 bus
361 1539 477 1594 suis,
503 1539 592 1602 qui
625 1538 805 1586 dicunt
834 1538 885 1585 in
919 1539 1155 1586 cordibus
1193 1541 1295 1587 suis
1329 1542 1442 1588 etc.’
1531 1541 1686 1588 Nunc
1713 1541 1833 1605 quia

233 1625 323 1655 vos
350 1607 680 1654 Colonienses
704 1606 1038 1670 praetenditis
1068 1607 1341 1671 scripturas
1366 1607 1566 1655 trahere
1592 1608 1654 1655 ad
1679 1608 1832 1673 placi-

232 1682 350 1722 tum
390 1679 648 1722 vestrum:
701 1673 946 1720 Audiatis
985 1674 1246 1737 quomodo
1289 1675 1446 1722 etiam
1490 1691 1586 1739 ego
1622 1691 1833 1740 possum

233 1757 488 1806 exponere
514 1740 666 1788 verba
696 1740 987 1804 prophetae.
1060 1741 1206 1788 Dicit
1243 1758 1364 1806 ergo
1390 1743 1628 1790 dominus
1664 1759 1754 1806 per
1778 1759 1834 1790 os

233 1809 540 1873 prophetae:
582 1807 682 1854 ‘Et
717 1807 812 1854 erit
844 1807 896 1854 in
930 1807 1012 1855 die
1052 1807 1152 1864 illa,
1183 1809 1448 1857 scrutabor
1480 1809 1741 1865 herusale‚'
1782 1809 1834 1857 id

233 1883 310 1924 est
350 1875 568 1923 visitabo
612 1874 877 1923 ecclesiam
919 1892 1104 1930 meam,
1131 1875 1361 1939 cogitans
1397 1877 1672 1924 reformare
1704 1893 1832 1932 eam,

233 1950 285 1991 et
311 1943 492 1991 tollere
518 1958 707 1990 errores
741 1942 781 1990 si
812 1949 931 1990 sunt
959 1942 1115 2006 aliqui
1141 1944 1192 1990 in
1218 1959 1304 2000 ea3
1342 1950 1394 1991 et
1429 1944 1547 1991 ‘hos
1572 1944 1756 1991 faciam
1782 1943 1835 1990 in

232 2010 483 2066 lucernis‚'
531 2009 581 2056 id
629 2016 707 2057 est
772 2010 1119 2057 mediantibus
1164 2010 1471 2059 doctissimis
1520 2011 1653 2067 viris,
1702 2012 1835 2059 sicut

234 2084 355 2126 sunt
395 2078 448 2125 in
488 2077 735 2124 Almania
777 2077 1023 2125 Erasmus
1066 2077 1449 2126 Roterodamus
1485 2084 1537 2125 et
1582 2079 1836 2126 Iohannes

237 2144 511 2200 Reuchlin‚
554 2151 606 2191 et
661 2144 931 2192 Mutianus
991 2145 1182 2192 Ruffus
1224 2151 1276 2192 et
1324 2145 1439 2194 alii:
1491 2152 1571 2193 ‘et
1619 2145 1836 2193 visitabo

237 2228 388 2277 super
424 2211 589 2265 viros,’
625 2211 676 2258 id
714 2218 790 2259 est
840 2211 1148 2276 Theologos,
1188 2220 1198 2237 ‘
1221 2212 1445 2268 defixos‚'
1483 2213 1534 2260 id
1571 2219 1647 2260 est
1684 2213 1837 2260 obsti-

235 2280 429 2327 naciter
469 2279 750 2334 induratos,
795 2279 878 2326 ‘in
926 2278 1088 2326 facibD
1132 2279 1265 2333 suis‚’
1306 2279 1358 2327 id
1400 2287 1478 2328 est
1519 2281 1570 2328 in
1612 2281 1835 2343 quedam

236 2346 437 2394 sordida
494 2353 546 2393 et
604 2345 921 2393 tenebricosa
980 2353 1031 2394 et
1091 2347 1264 2411 inepta
1323 2347 1621 2412 Theologia‚
1679 2363 1837 2410 quam

235 2420 356 2462 ante
416 2430 578 2477 pauca
636 2413 836 2460 saecula
896 2420 1270 2478 usurpaverunt
1330 2415 1439 2469 sibi,
1493 2415 1837 2478 relinquentes

285 2551 310 2570 ¹⁰
328 2554 400 2586 Ioh.
428 2553 535 2586 Lieht.
600 2551 630 2585 A
660 2551 839 2585 facsimile
870 2552 911 2585 of
937 2552 1002 2586 the

1071 2551 1236 2597 Cologne
1278 2551 1432 2595 holding
1472 2565 1492 2586 a
1536 2552 1694 2597 pastoral
1739 2553 1836 2595 staff,

237 2601 491 2633 Pronosticatio
520 2601 558 2632 in
584 2600 710 2632 Latino
736 2599 778 2632 of
798 2599 862 2633 the
888 2603 1004 2633 astro-

1070 2599 1187 2632 which
1208 2612 1228 2632 a
1247 2599 1334 2634 beai·
1349 2600 1421 2633 and
1439 2612 1459 2633 a
1478 2600 1568 2633 wolf
1580 2611 1695 2643 gnaw.

237 2646 342 2691 loger
366 2646 402 2680 J.
432 2646 468 2680 L.
496 2646 561 2679 has
586 2646 679 2680 been
708 2647 831 2680 edited
860 2646 915 2680 for
940 2646 1004 2680 the

240 2692 402 2727 Holbeiu
427 2694 574 2738 Society
601 2692 647 2738 by
679 2692 737 2727 W.
763 2693 811 2726 H.
839 2692 1006 2738 Rylands

238 2741 375 2784 (1890).
437 2740 516 2774 The
554 2740 655 2774 work
694 2751 763 2774 was
801 2739 1005 2784 extremely

240 2786 408 2831 popular,
421 2788 493 2820 and
511 2787 693 2832 appeared
708 2787 745 2820 in
758 2799 869 2832 many
881 2788 1006 2821 forms.

239 2833 360 2867 There
378 2835 407 2867 is
424 2846 444 2866 a
470 2845 562 2878 copy
588 2834 626 2867 in
652 2835 716 2867 the
743 2834 834 2868 Brit.
856 2834 950 2869 Mus.
970 2834 1012 2869 of

241 2881 304 2915 the
324 2881 350 2897 ‘⁶
364 2880 465 2914 Ruth
479 2880 498 2896 ”
511 2880 717 2923 (German),
731 2882 818 2914 with
833 2881 1008 2916 coloured

241 2928 426 2961 woodcuts
467 2928 601 2969 (1497).

241 2976 346 3011 3577.

290 3021 391 3063 13]”οί.
415 3022 484 3053 mvi.
526 3020 605 3054 The
623 3025 720 3064 quot.
742 3022 772 3054 is
791 3021 886 3055 from
904 3021 1008 3066 chap.

243 3070 313 3103 xiv.
364 3067 444 3102 The
462 3068 631 3101 woodcut
648 3078 696 3101 on
719 3067 784 3101 the
809 3069 1010 3113 preceding

242 3127 335 3161 page
369 3115 487 3148 shows
517 3114 582 3148 the
615 3114 700 3158 Bps.
732 3114 773 3148 of
801 3114 907 3148 Trier
937 3115 1009 3148 and

668 2927 867 2972 Copinger,
902 2928 949 2961 11.
986 2929 1006 2962 i.

1119 2645 1145 2664 2⁵
1162 2648 1275 2689 Soph:
1301 2647 1412 2691 Zeph.
1433 2648 1454 2680 i.
1479 2646 1530 2681 12.

1119 2691 1145 2711 ³⁷
1164 2696 1252 2727 Μαί.
1272 2695 1382 2736 Rufi:
1409 2694 1554 2727 Conrad
1578 2693 1703 2735 Muth,
1727 2693 1841 2727 1472-

1075 2739 1178 2783 1526,
1208 2740 1309 2785 pupil
1336 2741 1378 2774 of
1403 2740 1546 2783 Hegius
1571 2744 1610 2774 at
1635 2740 1838 2782 Deventer,

1072 2787 1137 2821 the
1163 2787 1288 2821 leader
1313 2787 1386 2820 and
1411 2787 1523 2832 guide
1548 2787 1590 2820 of
1614 2786 1679 2821 the
1711 2787 1840 2821 Erfurt

1073 2834 1195 2868 circle.
1248 2834 1470 2868 “Pessimus
1495 2834 1658 2867 omnium
1690 2833 1839 2868 illorum

1074 2882 1137 2925 qui
1155 2885 1244 2914 sunt
1262 2892 1326 2925 pro
1344 2880 1528 2914 Reuchlin
1540 2880 1560 2892 '¹
1579 2880 1630 2924 (ii.
1651 2881 1722 2925 59).
1773 2882 1840 2915 See

1075 2931 1148 2962 Der
1167 2929 1408 2969 Briefieeehsel
1419 2929 1478 2961 (le-9
1491 2930 1538 2961 M.
1554 2929 1681 2970 Rufus.
1701 2930 1839 2962 (lesam-

1077 2977 1154 3009 melt
1172 2976 1246 3007 und
1263 2975 1441 3008 bear-beten
1459 2986 1524 3008 von
1544 2976 1608 3009 Dr.
1631 2976 1664 3009 (¹.
1686 2977 1840 3018 Krause,

1079 3020 1224 3063 Kassel,
1246 3020 1349 3063 1885,
1367 3021 1440 3054 and
1461 3021 1599 3055 Introd.

1125 3067 1270 3110 ³⁹fizcib.
1324 3070 1394 3110 Sic,
1415 3069 1451 3101 111
1470 3066 1536 3113 [D]
1554 3069 1626 3102 and
1645 3067 1718 3114 [E].

1124 3114 1151 3132 ³⁹
1171 3116 1267 3158 qued.
1318 3116 1386 3157 Sic,
1406 3115 1444 3148 in
1464 3113 1530 3161 [D]
1548 3116 1619 3149 and
1639 3114 1712 3161 [E].

1006 3175 1102 3220 237

1861 353 1898 382 10

1862 687 1900 717 15

1865 1357 1904 1387 25

1867 1692 1906 1721 30

1869 2027 1908 2057 35

1871 2366 1910 2396 40
