2247 3637
231 248 284 284 11.
310 249 350 297 5]
507 235 948 292 IOHANNES
1003 237 1118 291 DE
1174 237 1561 292 WERDEA

228 345 498 392 dixerunt:
554 351 581 369 “
571 345 701 392 ‘Per
730 345 903 400 deum,
945 346 1040 393 iste
1079 345 1329 393 Ortvinus
1376 347 1529 394 habet
1577 363 1823 411 magnum

229 413 359 460 cor.”
434 412 537 458 Vos
569 410 765 459 debetis
811 413 936 460 scire
983 414 1121 476 quod
1167 412 1248 460 hic
1297 413 1348 460 in
1391 414 1547 461 Curia
1590 414 1824 461 Romana

229 495 332 526 non
370 484 448 527 est
488 478 622 526 sicut
663 477 810 533 alibi;
848 486 900 527 et
949 480 1080 528 sicut
1127 496 1214 527 vos
1262 480 1468 544 putatis
1544 481 1644 528 Sed
1692 497 1823 528 31135

228 563 330 593 3113
373 546 482 593 vice
518 545 745 593 lucratur
780 553 833 593 et
869 546 965 593 alia
1002 546 1110 595 vice
1145 547 1325 611 perdit.
1398 547 1472 594 Et
1497 547 1617 595 licet
1643 547 1823 612 aliquis

228 613 381 661 habet
418 612 692 675 aliquando
728 612 852 660 duas
889 614 970 661 vel
1005 620 1107 662 tres
1136 614 1414 662 sententias
1439 631 1530 678 pro
1555 631 1622 670 se,
1648 621 1821 661 tamen

226 680 391 727 adhuc
410 685 580 744 potest
598 679 806 743 perdere
822 680 979 728 litem.
1054 681 1154 729 Sed
1175 681 1388 746 potestis
1403 682 1597 729 dicere:
1636 682 1824 745 “Papa

228 747 455 822 permisit
491 746 630 809 quod
668 746 948 810 Speculum
986 749 1205 796 Oculare
1241 748 1394 796 debet
1432 748 1598 804 vendi,
1628 748 1743 812 legi,
1771 755 1823 796 et

228 813 463 877 imprimi
471 814 494 830 '
564 813 706 868 Quid
732 820 858 861 tunc
880 817 992 862 est?
1065 815 1378 880 Sipermisit,
1395 832 1515 880 elgo
1531 832 1635 863 non
1654 822 1823 890 potest

227 881 414 928 iterum
451 880 753 945 prohibere?
824 882 945 929 Non
985 883 1227 945 sequitur.
1302 883 1440 939 Quia
1475 883 1822 930 sanctissimus

226 947 380 994 habet
427 953 739 1012 potestatem
787 947 978 1012 ligandi
1025 956 1078 997 et
1125 950 1370 1006 solvendi,
1419 955 1470 997 et
1518 967 1621 997 non
1669 950 1822 997 debet

227 1014 422 1078 corrigi.
525 1014 663 1070 Quia
711 1015 866 1063 habet
914 1016 1193 1080 plenariam
1252 1023 1580 1081 potestatem,
1629 1016 1709 1064 hic
1770 1023 1823 1065 et

226 1081 431 1145 ubique,
480 1082 612 1129 516111
671 1081 809 1129 561115
869 1099 932 1130 ex
987 1084 1280 1148 evangelio:
1341 1084 1480 1140 Quia
1526 1083 1823 1131 mirabiliter

225 1149 345 1197 estis
370 1149 617 1197 solidatus
641 1149 693 1195 in
718 1166 856 1196 53613
881 1150 1143 1214 scriptura.
1219 1151 1318 1201 Sed
1344 1168 1439 1215 ego
1465 1151 1581 1199 volo
1605 1150 1822 1215 allegare

227 1217 315 1263 Ius
352 1217 668 1264 canonicum.
743 1217 919 1264 Primo
965 1218 1104 1281 quod
1147 1219 1289 1282 Papa
1330 1218 1531 1266 obtinet
1573 1218 1821 1283 principa-

222 1290 338 1331 tum
361 1283 521 1331 totius
548 1283 715 1338 Orbis,
731 1283 796 1331 ix.
824 1301 870 1347 q.
902 1284 1037 1332 IIII.
1065 1302 1104 1332 6.
1134 1293 1164 1311 “
1183 1286 1385 1332 Cuncta
1413 1301 1501 1349 per
1526 1286 1823 1333 mundum.”

224 1351 298 1398 Et
344 1357 516 1415 potest
574 1351 828 1415 deponere
888 1351 1259 1415 Imperatorem
1311 1352 1461 1407 solus,
1511 1353 1666 1400 etiam
1715 1354 1821 1400 sine

225 1418 473 1474 Concilio,
512 1423 571 1465 ut
614 1418 739 1465 dicit
784 1418 926 1482 glosa
972 1419 1024 1465 in
1064 1419 1187 1483 Cap.
1265 1420 1401 1466 “Ad
1443 1419 1819 1484 Apostolicae.''

225 1485 311 1532 De
359 1485 464 1532 Sna
511 1491 564 1532 et
610 1501 662 1532 re
712 1486 825 1533 Iud.
910 1485 983 1532 Et
1032 1486 1263 1533 habetur.
1317 1487 1389 1534 II.
1441 1504 1487 1550 q.
1545 1487 1637 1535 VI.
1689 1488 1821 1536 “De

224 1553 436 1600 cetero.’'
507 1552 581 1600 Et
611 1553 752 1616 Papa
793 1568 896 1599 non
938 1559 1016 1600 est
1057 1553 1152 1600 sub
1192 1553 1320 1617 lege,
1347 1553 1435 1600 sed
1476 1553 1583 1618 ipse
1625 1560 1701 1601 est
1738 1555 1820 1602 lex

223 1619 449 1667 animata
490 1620 542 1667 in
583 1619 744 1674 terris,
788 1626 848 1666 ut
895 1619 1113 1667 habetur
1159 1620 1212 1667 in
1258 1621 1401 1684 glosa
1439 1636 1590 1684 super
1632 1621 1818 1686 capitu.

223 1687 342 1734 .XI.
393 1687 456 1734 de
494 1687 578 1734 off.
627 1687 739 1734 Iud.
788 1686 883 1734 del.
971 1686 1044 1733 Et
1093 1687 1133 1735 si
1182 1688 1324 1752 Papa
1371 1694 1448 1736 est
1494 1687 1594 1743 lex,
1650 1695 1822 1753 potest

221 1754 386 1802 facere
426 1754 550 1817 quid
592 1753 705 1801 vult
753 1760 805 1800 et
846 1754 1105 1801 neminem
1143 1756 1403 1818 respicere.
1478 1755 1551 1802 Et
1586 1755 1820 1818 quamvis

222 1822 378 1870 semel
398 1821 529 1868 dixit
549 1829 576 1846 ‘⁴
594 1821 709 1877 ita,”
728 1827 904 1868 tamen
925 1827 1103 1885 postea
1121 1829 1294 1886 potest
1313 1822 1479 1870 dicere
1496 1830 1524 1848 ‘⁶
1541 1823 1688 1870 non.”
1747 1822 1821 1870 Et

222 1888 419 1937 debetis
457 1888 640 1936 habere
685 1889 872 1935 bonam
910 1888 1213 1938 Confidetia.
1288 1890 1426 1946 Quia
1461 1906 1625 1954 nuper
1649 1889 1820 1938 audivi

220 1956 301 2004 hic
342 1973 406 2003 ex
444 1972 548 2003 uno
590 1956 822 2003 auditore
865 1956 1069 2012 Rotae;
1104 1956 1193 2019 qui
1234 1963 1311 2005 est
1350 1956 1425 2004 vir
1472 1957 1724 2014 notabilis,
1768 1964 1822 2005 et

220 2023 376 2071 habet
417 2039 658 2087 magnam
698 2023 1082 2087 experientiam,
1126 2025 1265 2088 quod
1306 2041 1410 2072 non
1449 2030 1526 2072 est
1564 2024 1818 2089 possibile,

221 2091 360 2155 quod
400 2091 544 2155 Papa
583 2096 755 2155 potest
796 2091 1120 2138 Sententiam
1157 2092 1275 2139 dare
1302 2097 1479 2139 contra
1503 2108 1606 2139 vos.
1681 2091 1820 2147 Quia

220 2158 419 2205 habetis
466 2157 717 2222 optimam
765 2174 987 2212 causam,
1035 2165 1088 2206 et
1136 2165 1214 2206 est
1261 2176 1411 2207 63353
1456 2159 1588 2206 fidei.
1675 2159 1818 2223 Ergo

221 2231 387 2273 estote
424 2224 582 2272 fortes
625 2225 677 2272 in
715 2224 879 2272 bello:
917 2225 1037 2289 quia
1078 2225 1198 2273 11661
1239 2225 1323 2274 1511
1359 2227 1613 2274 fantastae
1639 2226 1818 2274 dieunt

222 2292 366 2340 vobis
391 2292 456 2339 de
479 2292 565 2340 illa
589 2291 908 2347 inhibitione,
934 2291 1062 2339 nihil
1086 2293 1283 2341 debetis
1320 2293 1440 2341 dare
1481 2310 1661 2358 supra:
1698 2293 1819 2356 quia

219 2376 324 2407 non
347 2359 504 2407 habet
527 2360 788 2407 effectum.
866 2359 967 2407 Sed
1002 2376 1098 2424 ego
1135 2377 1281 2425 spero
1317 2361 1456 2424 quod
1481 2361 1657 2408 statim
1683 2359 1817 2407 Volo

220 2426 364 2475 vobis
390 2426 606 2474 scribere
645 2426 803 2473 bonas
844 2426 1113 2475 novitates.
1188 2428 1328 2483 Quia
1363 2428 1601 2475 dominus
1628 2427 1817 2490 Magis-

218 2500 297 2542 ter
337 2500 510 2542 noster
551 2493 756 2541 iacobus
798 2494 861 2541 de
905 2493 1260 2542 Hochstraten
1296 2495 1419 2543 facit
1445 2510 1686 2569 magnam
1706 2494 1817 2541 dili-

218 2562 461 2626 gentiam.
553 2561 628 2609 Et
686 2577 848 2625 nuper
905 2561 1086 2609 habuit
1134 2561 1429 2610 convivium
1477 2568 1530 2609 et
1576 2560 1816 2608 invitavit

221 2629 412 2676 11131105
461 2628 759 2676 Curtisanos
808 2628 1046 2692 antiquos
1095 2630 1224 2677 bene
1272 2628 1725 2705 experimentaleS,
1764 2634 1816 2674 et

220 2712 382 2742 unum
430 2696 729 2759 scriptorem
776 2695 1159 2759 Apostohcum,
1208 2697 1296 2759 qui
1355 2702 1432 2743 est
1490 2696 1620 2742 bene
1679 2693 1815 2742 visus

219 2763 356 2826 apud
400 2763 807 2817 Sanctissimmn,
851 2768 903 2810 et
944 2762 1140 2826 aliquos
1183 2764 1438 2810 auditores
1488 2762 1668 2809 Rotae.
1742 2761 1816 2809 Et

219 2829 363 2876 dedit
403 2829 473 2876 eis
515 2831 780 2877 comedere
818 2831 1060 2894 perdices,
1092 2837 1144 2878 et
1186 2830 1403 2877 fasianos
1446 2835 1497 2876 et
1533 2828 1727 2892 lepores
1764 2835 1816 2876 et

265 2927 293 2946 ³³
312 2930 456 2962 (ancta.
491 2928 651 2971 Ca11.17,
666 2929 930 2974 Causaiv.‚qu.
946 2931 979 2963 3.
1099 2927 1124 2946 ³⁷
1143 2930 1198 2963 lex
1222 2930 1354 2962 culina:
1379 2927 1427 2972 gl.
1453 2928 1499 2962 ad
1525 2940 1553 2962 6.
1583 2929 1640 2970 11,
1668 2928 1706 2961 iu
1733 2927 1816 2970 Vl⁰‚

267 2975 294 2993 ³⁵
311 2978 358 3009 ad
374 2978 493 3018 Apost.
506 2987 518 3009 :
543 2987 572 3009 c.
591 2974 614 3007 2
629 2976 667 3009 in
687 2975 754 3009 V10
772 2976 817 3009 de
834 2981 927 3010 sent.
946 2980 984 3010 et
1051 2977 1104 3010 De
1123 2977 1199 3017 Off,
1219 2976 1298 3017 stc„
1318 2976 1339 3008 i.
1360 2978 1415 3008 14.

218 3034 258 3057 re
279 3023 374 3066 jud„
392 3023 430 3057 ii.
450 3024 503 3056 14.
556 3022 692 3067 “Papa
717 3023 983 3067 Imperatorem
1099 3021 1126 3039 ⁴³
1143 3024 1224 3056 aad.
1257 3024 1385 3055 Rotae:
1420 3033 1489 3055 one
1517 3022 1559 3056 of
1587 3022 1651 3057 the
1684 3021 1816 3056 twelve

219 3070 403 3113 deponere
421 3073 542 3114 potest
554 3080 598 3102 ex
618 3070 736 3103 causis
753 3069 966 3114 legitimis.'’
1052 3069 1232 3103 members
1250 3069 1292 3102 of
1303 3069 1367 3102 the
1385 3068 1490 3103 Rota.

267 3115 293 3134 ³⁶
311 3118 352 3150 de
369 3120 430 3150 vet.
480 3115 569 3149 This
587 3117 616 3149 is
634 3115 843 3150 irrelevant.
1099 3115 1289 3158 Δᾗίῖινιΐαᾼςΐ.
1342 3115 1417 3149 Not
1434 3115 1633 3151 elsewhere
1651 3116 1780 3152 found.

982 3176 1073 3218 141

1859 433 1897 462 20

1858 766 1896 795 25

1856 1101 1895 1129 :30

1855 1436 1894 1465 35

1856 1770 1894 1798 40

1855 2110 1893 2139 45

1853 2443 1891 2472 50

1849 2778 1888 2807 55
