<?xml version="1.0" encoding="UTF-8"?>
<!DOCTYPE html PUBLIC "-//W3C//DTD XHTML 1.0 Transitional//EN"
    "http://www.w3.org/TR/xhtml1/DTD/xhtml1-transitional.dtd">
<html xmlns="http://www.w3.org/1999/xhtml" xml:lang="en" lang="en">
 <head>
  <title>
</title>
<meta http-equiv="Content-Type" content="text/html;charset=utf-8" />
  <meta name='ocr-system' content='tesseract 3.04.00' />
  <meta name='ocr-capabilities' content='ocr_page ocr_carea ocr_par ocr_line ocrx_word'/>
</head>
<body>
  <div class='ocr_page' id='page_1' title='image "./epistolaeobscuro00huttuoft_0164.png"; bbox 0 0 2247 3637; ppageno 0'>
   <div class='ocr_carea' id='block_1_1' title="bbox 458 239 2046 297">
    <p class='ocr_par' dir='ltr' id='par_1_1' title="bbox 458 239 2046 297">
     <span class='ocr_line' id='line_1_1' title="bbox 458 239 2046 297; baseline 0 -2"><span class='ocrx_word' id='word_1_1' title='bbox 458 240 928 297; x_wconf 84' lang='lat' dir='ltr'><strong>EPISTOLAE</strong></span> <span class='ocrx_word' id='word_1_2' title='bbox 992 239 1583 297; x_wconf 81' lang='lat' dir='ltr'>OBSOURORUM</span> <span class='ocrx_word' id='word_1_3' title='bbox 1637 240 2046 297; x_wconf 72' lang='lat' dir='ltr'><strong>‘VIRORUM</strong></span> 
     </span>
    </p>
   </div>
   <div class='ocr_carea' id='block_1_2' title="bbox 379 347 1809 1635">
    <p class='ocr_par' dir='ltr' id='par_1_2' title="bbox 379 347 1809 1635">
     <span class='ocr_line' id='line_1_2' title="bbox 835 347 1465 398; baseline 0.002 -14"><span class='ocrx_word' id='word_1_4' title='bbox 835 348 871 385; x_wconf 93' lang='lat' dir='ltr'>O</span> <span class='ocrx_word' id='word_1_5' title='bbox 893 351 923 384; x_wconf 89' lang='lat' dir='ltr'>si</span> <span class='ocrx_word' id='word_1_6' title='bbox 943 351 1142 398; x_wconf 86' lang='lat' dir='ltr'>potuisset</span> <span class='ocrx_word' id='word_1_7' title='bbox 1161 347 1311 383; x_wconf 85' lang='lat' dir='ltr'>diutius</span> <span class='ocrx_word' id='word_1_8' title='bbox 1331 350 1465 385; x_wconf 82' lang='lat' dir='ltr'>vivere</span> 
     </span>
     <span class='ocr_line' id='line_1_3' title="bbox 385 401 1593 451; baseline -0.001 -11"><span class='ocrx_word' id='word_1_9' title='bbox 385 411 422 440; x_wconf 78' lang='lat'>25</span> <span class='ocrx_word' id='word_1_10' title='bbox 835 402 889 438; x_wconf 91' lang='lat' dir='ltr'>Et</span> <span class='ocrx_word' id='word_1_11' title='bbox 909 402 998 451; x_wconf 90' lang='lat' dir='ltr'>plus</span> <span class='ocrx_word' id='word_1_12' title='bbox 1018 405 1059 437; x_wconf 93' lang='lat' dir='ltr'>in</span> <span class='ocrx_word' id='word_1_13' title='bbox 1079 401 1190 451; x_wconf 79' lang='lat' dir='ltr'>glosa</span> <span class='ocrx_word' id='word_1_14' title='bbox 1209 401 1377 437; x_wconf 83' lang='lat' dir='ltr'>notabili</span> <span class='ocrx_word' id='word_1_15' title='bbox 1397 403 1593 440; x_wconf 86' lang='lat' dir='ltr'>scribere:</span> 
     </span>
     <span class='ocr_line' id='line_1_4' title="bbox 833 455 1640 493; baseline 0 -1"><span class='ocrx_word' id='word_1_16' title='bbox 833 455 946 492; x_wconf 92' lang='lat' dir='ltr'>Tunc</span> <span class='ocrx_word' id='word_1_17' title='bbox 966 456 1195 492; x_wconf 87' lang='lat' dir='ltr'>adiuvasset</span> <span class='ocrx_word' id='word_1_18' title='bbox 1216 455 1319 491; x_wconf 85' lang='lat' dir='ltr'>hanc</span> <span class='ocrx_word' id='word_1_19' title='bbox 1341 458 1640 493; x_wconf 85' lang='lat' dir='ltr'>universitatem</span> 
     </span>
     <span class='ocr_line' id='line_1_5' title="bbox 833 508 1781 547; baseline 0 -1"><span class='ocrx_word' id='word_1_20' title='bbox 833 510 886 546; x_wconf 91' lang='lat' dir='ltr'>Et</span> <span class='ocrx_word' id='word_1_21' title='bbox 906 510 1108 546; x_wconf 77' lang='lat' dir='ltr'>docuisset</span> <span class='ocrx_word' id='word_1_22' title='bbox 1128 508 1327 545; x_wconf 82' lang='lat' dir='ltr'>scholares</span> <span class='ocrx_word' id='word_1_23' title='bbox 1348 510 1492 546; x_wconf 86' lang='lat' dir='ltr'>bonam</span> <span class='ocrx_word' id='word_1_24' title='bbox 1513 510 1755 547; x_wconf 75' lang='lat' dir='ltr'>latinitatem</span> <span class='ocrx_word' id='word_1_25' title='bbox 1774 523 1781 546; x_wconf 76' lang='grc' dir='ltr'>ε</span> 
     </span>
     <span class='ocr_line' id='line_1_6' title="bbox 831 563 1463 612; baseline -0.002 -12"><span class='ocrx_word' id='word_1_26' title='bbox 831 563 912 600; x_wconf 83' lang='lat' dir='ltr'>Sed</span> <span class='ocrx_word' id='word_1_27' title='bbox 934 576 1039 599; x_wconf 90' lang='lat' dir='ltr'>nunc</span> <span class='ocrx_word' id='word_1_28' title='bbox 1059 567 1270 612; x_wconf 79' lang='lat' dir='ltr'>postquam</span> <span class='ocrx_word' id='word_1_29' title='bbox 1290 563 1463 600; x_wconf 82' lang='lat' dir='ltr'>decessit</span> 
     </span>
     <span class='ocr_line' id='line_1_7' title="bbox 832 617 1724 666; baseline 0 -12"><span class='ocrx_word' id='word_1_30' title='bbox 832 617 885 654; x_wconf 92' lang='lat' dir='ltr'>Et</span> <span class='ocrx_word' id='word_1_31' title='bbox 908 617 1180 652; x_wconf 82' lang='lat' dir='ltr'>Alexandrum</span> <span class='ocrx_word' id='word_1_32' title='bbox 1203 617 1382 652; x_wconf 88' lang='lat' dir='ltr'>nondum</span> <span class='ocrx_word' id='word_1_33' title='bbox 1403 620 1498 653; x_wconf 88' lang='lat' dir='ltr'>satis</span> <span class='ocrx_word' id='word_1_34' title='bbox 1517 621 1724 666; x_wconf 81' lang='lat' dir='ltr'>expressit,</span> 
     </span>
     <span class='ocr_line' id='line_1_8' title="bbox 384 669 1597 719; baseline 0 -12"><span class='ocrx_word' id='word_1_35' title='bbox 384 677 422 707; x_wconf 86' lang='lat'>30</span> <span class='ocrx_word' id='word_1_36' title='bbox 835 671 1086 707; x_wconf 89' lang='lat' dir='ltr'>Universitas</span> <span class='ocrx_word' id='word_1_37' title='bbox 1107 669 1220 719; x_wconf 86' lang='lat' dir='ltr'>luget</span> <span class='ocrx_word' id='word_1_38' title='bbox 1240 683 1355 706; x_wconf 91' lang='lat' dir='ltr'>suum</span> <span class='ocrx_word' id='word_1_39' title='bbox 1374 671 1597 707; x_wconf 77' lang='lat' dir='ltr'>membrum</span> 
     </span>
     <span class='ocr_line' id='line_1_9' title="bbox 832 723 1809 773; baseline 0.002 -14"><span class='ocrx_word' id='word_1_40' title='bbox 832 724 1037 773; x_wconf 77' lang='lat' dir='ltr'>Tanquam</span> <span class='ocrx_word' id='word_1_41' title='bbox 1061 737 1179 760; x_wconf 85' lang='lat' dir='ltr'>unam</span> <span class='ocrx_word' id='word_1_42' title='bbox 1200 723 1405 760; x_wconf 87' lang='lat' dir='ltr'>lucernam</span> <span class='ocrx_word' id='word_1_43' title='bbox 1428 725 1490 762; x_wconf 89' lang='lat' dir='ltr'>vel</span> <span class='ocrx_word' id='word_1_44' title='bbox 1511 724 1809 769; x_wconf 80' lang='lat' dir='ltr'>candelabrum,</span> 
     </span>
     <span class='ocr_line' id='line_1_10' title="bbox 833 778 1401 827; baseline 0.002 -14"><span class='ocrx_word' id='word_1_45' title='bbox 833 778 953 824; x_wconf 82' lang='lat' dir='ltr'>Quod</span> <span class='ocrx_word' id='word_1_46' title='bbox 974 778 1095 827; x_wconf 83' lang='lat' dir='ltr'>longe</span> <span class='ocrx_word' id='word_1_47' title='bbox 1116 778 1278 827; x_wconf 88' lang='lat' dir='ltr'>lateque</span> <span class='ocrx_word' id='word_1_48' title='bbox 1298 778 1401 814; x_wconf 88' lang='lat' dir='ltr'>luxit</span> 
     </span>
     <span class='ocr_line' id='line_1_11' title="bbox 832 832 1573 881; baseline 0 -13"><span class='ocrx_word' id='word_1_49' title='bbox 832 832 907 868; x_wconf 90' lang='lat' dir='ltr'>Per</span> <span class='ocrx_word' id='word_1_50' title='bbox 927 832 1150 868; x_wconf 82' lang='lat' dir='ltr'>doctrinam</span> <span class='ocrx_word' id='word_1_51' title='bbox 1173 845 1275 881; x_wconf 88' lang='lat' dir='ltr'>quae</span> <span class='ocrx_word' id='word_1_52' title='bbox 1295 833 1345 868; x_wconf 78' lang='lat' dir='ltr'>ab</span> <span class='ocrx_word' id='word_1_53' title='bbox 1367 846 1414 868; x_wconf 91' lang='lat' dir='ltr'>eo</span> <span class='ocrx_word' id='word_1_54' title='bbox 1435 832 1548 868; x_wconf 88' lang='lat' dir='ltr'>fluxit</span> <span class='ocrx_word' id='word_1_55' title='bbox 1566 847 1573 868; x_wconf 72' lang='grc' dir='ltr'>ε</span> 
     </span>
     <span class='ocr_line' id='line_1_12' title="bbox 837 886 1712 935; baseline 0 -14"><span class='ocrx_word' id='word_1_56' title='bbox 837 886 966 922; x_wconf 88' lang='lat' dir='ltr'>Nemo</span> <span class='ocrx_word' id='word_1_57' title='bbox 986 889 1068 921; x_wconf 82' lang='lat' dir='ltr'>tam</span> <span class='ocrx_word' id='word_1_58' title='bbox 1091 886 1195 922; x_wconf 83' lang='lat' dir='ltr'>bene</span> <span class='ocrx_word' id='word_1_59' title='bbox 1217 888 1373 935; x_wconf 87' lang='lat' dir='ltr'>Scripsit</span> <span class='ocrx_word' id='word_1_60' title='bbox 1393 888 1712 922; x_wconf 80' lang='lat' dir='ltr'>constructiones</span> 
     </span>
     <span class='ocr_line' id='line_1_13' title="bbox 383 939 1653 988; baseline 0.002 -15"><span class='ocrx_word' id='word_1_61' title='bbox 383 944 422 973; x_wconf 87' lang='lat'>35</span> <span class='ocrx_word' id='word_1_62' title='bbox 833 939 885 975; x_wconf 88' lang='lat' dir='ltr'>Et</span> <span class='ocrx_word' id='word_1_63' title='bbox 905 939 1183 975; x_wconf 81' lang='lat' dir='ltr'>confundebat</span> <span class='ocrx_word' id='word_1_64' title='bbox 1204 945 1343 988; x_wconf 83' lang='lat' dir='ltr'>poetas</span> <span class='ocrx_word' id='word_1_65' title='bbox 1363 940 1450 976; x_wconf 89' lang='lat' dir='ltr'>illos</span> <span class='ocrx_word' id='word_1_66' title='bbox 1471 939 1653 984; x_wconf 85' lang='lat' dir='ltr'>bufones,</span> 
     </span>
     <span class='ocr_line' id='line_1_14' title="bbox 834 992 1666 1042; baseline 0 -13"><span class='ocrx_word' id='word_1_67' title='bbox 834 992 914 1038; x_wconf 82' lang='lat' dir='ltr'>Qui</span> <span class='ocrx_word' id='word_1_68' title='bbox 934 1006 1015 1029; x_wconf 90' lang='lat' dir='ltr'>non</span> <span class='ocrx_word' id='word_1_69' title='bbox 1036 999 1147 1030; x_wconf 85' lang='lat' dir='ltr'>recte</span> <span class='ocrx_word' id='word_1_70' title='bbox 1167 994 1329 1030; x_wconf 88' lang='lat' dir='ltr'>discunt</span> <span class='ocrx_word' id='word_1_71' title='bbox 1349 996 1666 1042; x_wconf 76' lang='lat' dir='ltr'>grammaticam,</span> 
     </span>
     <span class='ocr_line' id='line_1_15' title="bbox 837 1047 1636 1095; baseline 0 -12"><span class='ocrx_word' id='word_1_72' title='bbox 837 1047 910 1083; x_wconf 90' lang='lat' dir='ltr'>Per</span> <span class='ocrx_word' id='word_1_73' title='bbox 931 1047 1102 1095; x_wconf 84' lang='lat' dir='ltr'>logicam</span> <span class='ocrx_word' id='word_1_74' title='bbox 1124 1049 1381 1084; x_wconf 81' lang='lat' dir='ltr'>scientiarum</span> <span class='ocrx_word' id='word_1_75' title='bbox 1403 1049 1636 1092; x_wconf 83' lang='lat' dir='ltr'>scientiam3</span> 
     </span>
     <span class='ocr_line' id='line_1_16' title="bbox 831 1100 1509 1145; baseline 0 -9"><span class='ocrx_word' id='word_1_76' title='bbox 831 1100 886 1137; x_wconf 84' lang='lat' dir='ltr'>Et</span> <span class='ocrx_word' id='word_1_77' title='bbox 905 1102 945 1137; x_wconf 92' lang='lat' dir='ltr'>in</span> <span class='ocrx_word' id='word_1_78' title='bbox 967 1101 1045 1137; x_wconf 87' lang='lat' dir='ltr'>fide</span> <span class='ocrx_word' id='word_1_79' title='bbox 1067 1114 1148 1137; x_wconf 89' lang='lat' dir='ltr'>non</span> <span class='ocrx_word' id='word_1_80' title='bbox 1169 1106 1262 1137; x_wconf 89' lang='lat' dir='ltr'>sunt</span> <span class='ocrx_word' id='word_1_81' title='bbox 1280 1101 1509 1145; x_wconf 86' lang='lat' dir='ltr'>illuminati,</span> 
     </span>
     <span class='ocr_line' id='line_1_17' title="bbox 834 1154 1532 1197; baseline 0 -7"><span class='ocrx_word' id='word_1_82' title='bbox 834 1154 933 1191; x_wconf 90' lang='lat' dir='ltr'>Ideo</span> <span class='ocrx_word' id='word_1_83' title='bbox 952 1168 974 1190; x_wconf 81' lang='lat' dir='ltr'>a</span> <span class='ocrx_word' id='word_1_84' title='bbox 994 1160 1133 1191; x_wconf 86' lang='lat' dir='ltr'>sancta</span> <span class='ocrx_word' id='word_1_85' title='bbox 1154 1154 1322 1191; x_wconf 85' lang='lat' dir='ltr'>ecclesia</span> <span class='ocrx_word' id='word_1_86' title='bbox 1343 1155 1507 1191; x_wconf 83' lang='lat' dir='ltr'>alienati</span> <span class='ocrx_word' id='word_1_87' title='bbox 1524 1167 1532 1197; x_wconf 82' lang='lat'><em>3</em></span> 
     </span>
     <span class='ocr_line' id='line_1_18' title="bbox 381 1208 1514 1258; baseline -0.002 -13"><span class='ocrx_word' id='word_1_88' title='bbox 381 1211 419 1240; x_wconf 87' lang='lat'>40</span> <span class='ocrx_word' id='word_1_89' title='bbox 831 1208 883 1244; x_wconf 90' lang='lat' dir='ltr'>Et</span> <span class='ocrx_word' id='word_1_90' title='bbox 904 1211 935 1245; x_wconf 89' lang='lat' dir='ltr'>si</span> <span class='ocrx_word' id='word_1_91' title='bbox 955 1221 1033 1244; x_wconf 87' lang='lat' dir='ltr'>non</span> <span class='ocrx_word' id='word_1_92' title='bbox 1057 1208 1197 1245; x_wconf 88' lang='lat' dir='ltr'>volunt</span> <span class='ocrx_word' id='word_1_93' title='bbox 1217 1214 1327 1245; x_wconf 83' lang='lat' dir='ltr'>recte</span> <span class='ocrx_word' id='word_1_94' title='bbox 1347 1211 1514 1258; x_wconf 87' lang='lat' dir='ltr'>opinari,</span> 
     </span>
     <span class='ocr_line' id='line_1_19' title="bbox 829 1261 1809 1312; baseline 0.001 -15"><span class='ocrx_word' id='word_1_95' title='bbox 829 1261 942 1298; x_wconf 90' lang='lat' dir='ltr'>Tunc</span> <span class='ocrx_word' id='word_1_96' title='bbox 964 1263 1120 1299; x_wconf 88' lang='lat' dir='ltr'>debent</span> <span class='ocrx_word' id='word_1_97' title='bbox 1140 1276 1212 1312; x_wconf 88' lang='lat' dir='ltr'>per</span> <span class='ocrx_word' id='word_1_98' title='bbox 1235 1262 1528 1299; x_wconf 84' lang='lat' dir='ltr'>Hochstratum</span> <span class='ocrx_word' id='word_1_99' title='bbox 1551 1264 1809 1307; x_wconf 85' lang='lat' dir='ltr'>concremari,</span> 
     </span>
     <span class='ocr_line' id='line_1_20' title="bbox 831 1316 1608 1362; baseline 0 -10"><span class='ocrx_word' id='word_1_100' title='bbox 831 1316 910 1362; x_wconf 83' lang='lat' dir='ltr'>Qui</span> <span class='ocrx_word' id='word_1_101' title='bbox 933 1316 1128 1353; x_wconf 87' lang='lat' dir='ltr'>Ioannem</span> <span class='ocrx_word' id='word_1_102' title='bbox 1151 1317 1349 1353; x_wconf 85' lang='lat' dir='ltr'>Reuchlin</span> <span class='ocrx_word' id='word_1_103' title='bbox 1370 1320 1449 1352; x_wconf 88' lang='lat' dir='ltr'>iam</span> <span class='ocrx_word' id='word_1_104' title='bbox 1469 1319 1608 1353; x_wconf 86' lang='lat' dir='ltr'>citavit</span> 
     </span>
     <span class='ocr_line' id='line_1_21' title="bbox 831 1370 1592 1408; baseline 0 -2"><span class='ocrx_word' id='word_1_105' title='bbox 831 1370 885 1406; x_wconf 82' lang='lat' dir='ltr'>Et</span> <span class='ocrx_word' id='word_1_106' title='bbox 905 1372 946 1406; x_wconf 92' lang='lat' dir='ltr'>in</span> <span class='ocrx_word' id='word_1_107' title='bbox 966 1371 1115 1407; x_wconf 88' lang='lat' dir='ltr'>iudicio</span> <span class='ocrx_word' id='word_1_108' title='bbox 1135 1371 1374 1408; x_wconf 85' lang='lat' dir='ltr'>mirabiliter</span> <span class='ocrx_word' id='word_1_109' title='bbox 1393 1373 1592 1406; x_wconf 78' lang='lat' dir='ltr'>tractavit.</span> 
     </span>
     <span class='ocr_line' id='line_1_22' title="bbox 832 1423 1519 1473; baseline 0 -13"><span class='ocrx_word' id='word_1_110' title='bbox 832 1423 913 1460; x_wconf 79' lang='lat' dir='ltr'>Sed</span> <span class='ocrx_word' id='word_1_111' title='bbox 934 1429 979 1460; x_wconf 84' lang='lat' dir='ltr'>tu</span> <span class='ocrx_word' id='word_1_112' title='bbox 999 1424 1106 1469; x_wconf 86' lang='lat' dir='ltr'>audi,</span> <span class='ocrx_word' id='word_1_113' title='bbox 1127 1424 1226 1461; x_wconf 89' lang='lat' dir='ltr'>deus</span> <span class='ocrx_word' id='word_1_114' title='bbox 1246 1427 1519 1473; x_wconf 83' lang='lat' dir='ltr'>omnipotenS‚</span> 
     </span>
     <span class='ocr_line' id='line_1_23' title="bbox 379 1477 1537 1527; baseline 0.002 -13"><span class='ocrx_word' id='word_1_115' title='bbox 379 1478 417 1508; x_wconf 86' lang='lat'>45</span> <span class='ocrx_word' id='word_1_116' title='bbox 833 1477 953 1523; x_wconf 80' lang='lat' dir='ltr'>Quod</span> <span class='ocrx_word' id='word_1_117' title='bbox 976 1491 1050 1526; x_wconf 66' lang='lat' dir='ltr'>ego</span> <span class='ocrx_word' id='word_1_118' title='bbox 1072 1491 1139 1514; x_wconf 90' lang='lat' dir='ltr'>oro</span> <span class='ocrx_word' id='word_1_119' title='bbox 1160 1478 1330 1527; x_wconf 82' lang='lat' dir='ltr'>supplex</span> <span class='ocrx_word' id='word_1_120' title='bbox 1351 1491 1396 1514; x_wconf 89' lang='lat' dir='ltr'>ac</span> <span class='ocrx_word' id='word_1_121' title='bbox 1417 1478 1537 1516; x_wconf 80' lang='lat' dir='ltr'>flens:</span> 
     </span>
     <span class='ocr_line' id='line_1_24' title="bbox 830 1531 1780 1581; baseline 0.001 -14"><span class='ocrx_word' id='word_1_122' title='bbox 830 1532 893 1567; x_wconf 90' lang='lat' dir='ltr'>Da</span> <span class='ocrx_word' id='word_1_123' title='bbox 913 1537 1071 1569; x_wconf 88' lang='lat' dir='ltr'>mortuo</span> <span class='ocrx_word' id='word_1_124' title='bbox 1092 1533 1273 1569; x_wconf 85' lang='lat' dir='ltr'>membro</span> <span class='ocrx_word' id='word_1_125' title='bbox 1292 1531 1471 1569; x_wconf 80' lang='lat' dir='ltr'>favorem</span> <span class='ocrx_word' id='word_1_126' title='bbox 1491 1535 1780 1581; x_wconf 83' lang='lat' dir='ltr'>sempiternam</span> 
     </span>
     <span class='ocr_line' id='line_1_25' title="bbox 831 1585 1493 1635; baseline 0.002 -13"><span class='ocrx_word' id='word_1_127' title='bbox 831 1585 884 1622; x_wconf 91' lang='lat' dir='ltr'>Et</span> <span class='ocrx_word' id='word_1_128' title='bbox 905 1589 1023 1622; x_wconf 87' lang='lat' dir='ltr'>mitte</span> <span class='ocrx_word' id='word_1_129' title='bbox 1045 1592 1184 1635; x_wconf 86' lang='lat' dir='ltr'>poetas</span> <span class='ocrx_word' id='word_1_130' title='bbox 1205 1586 1255 1622; x_wconf 87' lang='lat' dir='ltr'>ad</span> <span class='ocrx_word' id='word_1_131' title='bbox 1276 1585 1493 1623; x_wconf 86' lang='lat' dir='ltr'>infernum.</span> 
     </span>
    </p>
   </div>
   <div class='ocr_carea' id='block_1_3' title="bbox 379 1662 2052 2064">
    <p class='ocr_par' dir='ltr' id='par_1_3' title="bbox 451 1662 2050 1795">
     <span class='ocr_line' id='line_1_26' title="bbox 453 1662 2048 1729; baseline 0.001 -19"><span class='ocrx_word' id='word_1_132' title='bbox 453 1662 586 1711; x_wconf 90' lang='lat' dir='ltr'>Mihi</span> <span class='ocrx_word' id='word_1_133' title='bbox 623 1662 826 1710; x_wconf 85' lang='lat' dir='ltr'>videtur</span> <span class='ocrx_word' id='word_1_134' title='bbox 861 1664 1000 1727; x_wconf 91' lang='lat' dir='ltr'>quod</span> <span class='ocrx_word' id='word_1_135' title='bbox 1037 1670 1114 1712; x_wconf 83' lang='lat' dir='ltr'>est</span> <span class='ocrx_word' id='word_1_136' title='bbox 1151 1664 1408 1729; x_wconf 87' lang='lat' dir='ltr'>optimum</span> <span class='ocrx_word' id='word_1_137' title='bbox 1440 1680 1658 1720; x_wconf 88' lang='lat' dir='ltr'>carmen,</span> <span class='ocrx_word' id='word_1_138' title='bbox 1686 1665 1773 1712; x_wconf 89' lang='lat' dir='ltr'>sed</span> <span class='ocrx_word' id='word_1_139' title='bbox 1809 1680 1914 1711; x_wconf 90' lang='lat' dir='ltr'>non</span> <span class='ocrx_word' id='word_1_140' title='bbox 1946 1663 2048 1711; x_wconf 88' lang='lat' dir='ltr'>scio</span> 
     </span>
     <span class='ocr_line' id='line_1_27' title="bbox 451 1730 2050 1795; baseline 0.001 -18"><span class='ocrx_word' id='word_1_141' title='bbox 451 1731 713 1793; x_wconf 90' lang='lat' dir='ltr'>quomodo</span> <span class='ocrx_word' id='word_1_142' title='bbox 749 1730 910 1779; x_wconf 90' lang='lat' dir='ltr'>debeo</span> <span class='ocrx_word' id='word_1_143' title='bbox 947 1731 1201 1787; x_wconf 85' lang='lat' dir='ltr'>scandere,</span> <span class='ocrx_word' id='word_1_144' title='bbox 1239 1731 1360 1795; x_wconf 88' lang='lat' dir='ltr'>quia</span> <span class='ocrx_word' id='word_1_145' title='bbox 1395 1738 1472 1780; x_wconf 89' lang='lat' dir='ltr'>est</span> <span class='ocrx_word' id='word_1_146' title='bbox 1513 1731 1742 1778; x_wconf 87' lang='lat' dir='ltr'>mirabile</span> <span class='ocrx_word' id='word_1_147' title='bbox 1776 1748 1955 1795; x_wconf 85' lang='lat' dir='ltr'>genus,</span> <span class='ocrx_word' id='word_1_148' title='bbox 1998 1737 2050 1778; x_wconf 91' lang='lat' dir='ltr'>et</span> 
     </span>
    </p>

    <p class='ocr_par' dir='ltr' id='par_1_4' title="bbox 379 1797 2052 2064">
     <span class='ocr_line' id='line_1_28' title="bbox 379 1797 2052 1862; baseline 0.001 -18"><span class='ocrx_word' id='word_1_149' title='bbox 379 1812 417 1844; x_wconf 86' lang='lat'>50</span> <span class='ocrx_word' id='word_1_150' title='bbox 451 1813 547 1861; x_wconf 82' lang='lat' dir='ltr'>ego</span> <span class='ocrx_word' id='word_1_151' title='bbox 571 1804 780 1845; x_wconf 90' lang='lat' dir='ltr'>tantum</span> <span class='ocrx_word' id='word_1_152' title='bbox 805 1798 907 1846; x_wconf 91' lang='lat' dir='ltr'>scio</span> <span class='ocrx_word' id='word_1_153' title='bbox 933 1799 1172 1846; x_wconf 85' lang='lat' dir='ltr'>scandere</span> <span class='ocrx_word' id='word_1_154' title='bbox 1197 1799 1506 1847; x_wconf 87' lang='lat' dir='ltr'>hexametra.</span> <span class='ocrx_word' id='word_1_155' title='bbox 1580 1799 1701 1846; x_wconf 93' lang='lat' dir='ltr'>Non</span> <span class='ocrx_word' id='word_1_156' title='bbox 1726 1798 1920 1846; x_wconf 91' lang='lat' dir='ltr'>debetis</span> <span class='ocrx_word' id='word_1_157' title='bbox 1944 1797 2052 1862; x_wconf 85' lang='lat' dir='ltr'>pati</span> 
     </span>
     <span class='ocr_line' id='line_1_29' title="bbox 451 1865 2048 1930; baseline 0 -18"><span class='ocrx_word' id='word_1_158' title='bbox 451 1865 589 1927; x_wconf 93' lang='lat' dir='ltr'>quod</span> <span class='ocrx_word' id='word_1_159' title='bbox 619 1865 800 1928; x_wconf 88' lang='lat' dir='ltr'>aliquis</span> <span class='ocrx_word' id='word_1_160' title='bbox 824 1865 1153 1930; x_wconf 82' lang='lat' dir='ltr'>reprehendit</span> <span class='ocrx_word' id='word_1_161' title='bbox 1177 1872 1345 1914; x_wconf 87' lang='lat' dir='ltr'>vestra</span> <span class='ocrx_word' id='word_1_162' title='bbox 1374 1865 1629 1913; x_wconf 85' lang='lat' dir='ltr'>carmina:</span> <span class='ocrx_word' id='word_1_163' title='bbox 1667 1872 1719 1913; x_wconf 93' lang='lat' dir='ltr'>et</span> <span class='ocrx_word' id='word_1_164' title='bbox 1748 1865 1905 1930; x_wconf 85' lang='lat' dir='ltr'>igitur</span> <span class='ocrx_word' id='word_1_165' title='bbox 1935 1865 2048 1912; x_wconf 87' lang='lat' dir='ltr'>scri-</span> 
     </span>
     <span class='ocr_line' id='line_1_30' title="bbox 452 1931 2050 1997; baseline 0 -19"><span class='ocrx_word' id='word_1_166' title='bbox 452 1931 584 1979; x_wconf 84' lang='lat' dir='ltr'>batis</span> <span class='ocrx_word' id='word_1_167' title='bbox 608 1932 735 1979; x_wconf 90' lang='lat' dir='ltr'>mihi</span> <span class='ocrx_word' id='word_1_168' title='bbox 758 1948 768 1979; x_wconf 75' lang='grc' dir='ltr'><strong><em>ε</em></strong></span> <span class='ocrx_word' id='word_1_169' title='bbox 805 1938 931 1980; x_wconf 89' lang='lat' dir='ltr'>tunc</span> <span class='ocrx_word' id='word_1_170' title='bbox 956 1949 1053 1997; x_wconf 84' lang='lat' dir='ltr'>ego</span> <span class='ocrx_word' id='word_1_171' title='bbox 1077 1933 1196 1980; x_wconf 89' lang='lat' dir='ltr'>volo</span> <span class='ocrx_word' id='word_1_172' title='bbox 1221 1950 1310 1981; x_wconf 86' lang='lat' dir='ltr'>vos</span> <span class='ocrx_word' id='word_1_173' title='bbox 1335 1933 1607 1981; x_wconf 87' lang='lat' dir='ltr'>defendere</span> <span class='ocrx_word' id='word_1_174' title='bbox 1632 1949 1795 1996; x_wconf 89' lang='lat' dir='ltr'>usque</span> <span class='ocrx_word' id='word_1_175' title='bbox 1820 1931 1883 1980; x_wconf 84' lang='lat' dir='ltr'>ad</span> <span class='ocrx_word' id='word_1_176' title='bbox 1908 1932 2050 1979; x_wconf 91' lang='lat' dir='ltr'>duel-</span> 
     </span>
     <span class='ocr_line' id='line_1_31' title="bbox 452 1998 1795 2064; baseline 0.002 -19"><span class='ocrx_word' id='word_1_177' title='bbox 452 1998 575 2046; x_wconf 88' lang='lat' dir='ltr'>lum.</span> <span class='ocrx_word' id='word_1_178' title='bbox 649 1999 723 2046; x_wconf 89' lang='lat' dir='ltr'>Et</span> <span class='ocrx_word' id='word_1_179' title='bbox 749 1999 916 2047; x_wconf 89' lang='lat' dir='ltr'>valete</span> <span class='ocrx_word' id='word_1_180' title='bbox 941 2017 1005 2048; x_wconf 87' lang='lat' dir='ltr'>ex</span> <span class='ocrx_word' id='word_1_181' title='bbox 1032 2000 1350 2048; x_wconf 84' lang='lat' dir='ltr'>Monasterio</span> <span class='ocrx_word' id='word_1_182' title='bbox 1375 2000 1427 2048; x_wconf 93' lang='lat' dir='ltr'>in</span> <span class='ocrx_word' id='word_1_183' title='bbox 1455 1999 1795 2064; x_wconf 89' lang='lat' dir='ltr'>Westphalia.</span> 
     </span>
    </p>
   </div>
   <div class='ocr_carea' id='block_1_4' title="bbox 1231 2239 1347 2286">
    <p class='ocr_par' dir='ltr' id='par_1_5' title="bbox 1231 2239 1347 2286">
     <span class='ocr_line' id='line_1_32' title="bbox 1231 2239 1347 2286; baseline -0.009 0"><span class='ocrx_word' id='word_1_184' title='bbox 1231 2239 1347 2286; x_wconf 90' lang='lat' dir='ltr'>XX</span> 
     </span>
    </p>
   </div>
   <div class='ocr_carea' id='block_1_5' title="bbox 693 2362 1805 2479">
    <p class='ocr_par' dir='ltr' id='par_1_6' title="bbox 693 2362 1805 2479">
     <span class='ocr_line' id='line_1_33' title="bbox 693 2362 1805 2412; baseline 0 -1"><span class='ocrx_word' id='word_1_185' title='bbox 693 2363 756 2411; x_wconf 69' lang='grc' dir='ltr'>(ἱ</span> <span class='ocrx_word' id='word_1_186' title='bbox 783 2362 1157 2410; x_wconf 77' lang='lat' dir='ltr'><em>IOANNES</em></span> <span class='ocrx_word' id='word_1_187' title='bbox 1192 2363 1805 2412; x_wconf 70' lang='lat' dir='ltr'><em>LUCIBULARIUS</em></span> 
     </span>
     <span class='ocr_line' id='line_1_34' title="bbox 993 2430 1507 2479; baseline 0.006 -3"><span class='ocrx_word' id='word_1_188' title='bbox 993 2430 1074 2477; x_wconf 88' lang='lat' dir='ltr'>M.</span> <span class='ocrx_word' id='word_1_189' title='bbox 1118 2430 1334 2478; x_wconf 74' lang='lat' dir='ltr'>Ortvino</span> <span class='ocrx_word' id='word_1_190' title='bbox 1375 2431 1507 2479; x_wconf 73' lang='lat' dir='ltr'>Gra.</span> 
     </span>
    </p>
   </div>
   <div class='ocr_carea' id='block_1_6' title="bbox 400 2554 2052 2820">
    <p class='ocr_par' dir='ltr' id='par_1_7' title="bbox 547 2554 2051 2685">
     <span class='ocr_line' id='line_1_35' title="bbox 547 2554 2051 2619; baseline -0.001 -16"><span class='ocrx_word' id='word_1_191' title='bbox 547 2554 847 2603; x_wconf 87' lang='lat' dir='ltr'><strong>ALUTES</strong></span> <span class='ocrx_word' id='word_1_192' title='bbox 890 2571 1017 2618; x_wconf 89' lang='lat' dir='ltr'>quas</span> <span class='ocrx_word' id='word_1_193' title='bbox 1059 2572 1212 2603; x_wconf 88' lang='lat' dir='ltr'>nemo</span> <span class='ocrx_word' id='word_1_194' title='bbox 1254 2561 1425 2619; x_wconf 88' lang='lat' dir='ltr'>potest</span> <span class='ocrx_word' id='word_1_195' title='bbox 1466 2570 1745 2602; x_wconf 86' lang='lat' dir='ltr'>numerare.</span> <span class='ocrx_word' id='word_1_196' title='bbox 1831 2555 2051 2602; x_wconf 86' lang='lat' dir='ltr'>Venera-</span> 
     </span>
     <span class='ocr_line' id='line_1_36' title="bbox 580 2620 2050 2685; baseline 0 -16"><span class='ocrx_word' id='word_1_197' title='bbox 580 2623 693 2671; x_wconf 89' lang='lat' dir='ltr'>bilis</span> <span class='ocrx_word' id='word_1_198' title='bbox 720 2622 928 2670; x_wconf 88' lang='lat' dir='ltr'>domine</span> <span class='ocrx_word' id='word_1_199' title='bbox 952 2621 1224 2685; x_wconf 83' lang='lat' dir='ltr'>magister:</span> <span class='ocrx_word' id='word_1_200' title='bbox 1268 2621 1549 2669; x_wconf 89' lang='lat' dir='ltr'>secundum</span> <span class='ocrx_word' id='word_1_201' title='bbox 1583 2621 1721 2684; x_wconf 88' lang='lat' dir='ltr'>quod</span> <span class='ocrx_word' id='word_1_202' title='bbox 1751 2620 2050 2685; x_wconf 89' lang='lat' dir='ltr'>promisistis</span> 
     </span>
    </p>

    <p class='ocr_par' dir='ltr' id='par_1_8' title="bbox 400 2687 2052 2820">
     <span class='ocr_line' id='line_1_37' title="bbox 400 2687 2050 2755; baseline 0.001 -21"><span class='ocrx_word' id='word_1_203' title='bbox 400 2704 419 2734; x_wconf 89' lang='lat'>5</span> <span class='ocrx_word' id='word_1_204' title='bbox 456 2689 580 2738; x_wconf 89' lang='lat' dir='ltr'>mihi</span> <span class='ocrx_word' id='word_1_205' title='bbox 609 2689 764 2755; x_wconf 86' lang='lat' dir='ltr'>prius,</span> <span class='ocrx_word' id='word_1_206' title='bbox 791 2689 929 2753; x_wconf 93' lang='lat' dir='ltr'>quod</span> <span class='ocrx_word' id='word_1_207' title='bbox 962 2688 1160 2737; x_wconf 89' lang='lat' dir='ltr'>velletis</span> <span class='ocrx_word' id='word_1_208' title='bbox 1190 2687 1314 2735; x_wconf 88' lang='lat' dir='ltr'>mihi</span> <span class='ocrx_word' id='word_1_209' title='bbox 1343 2703 1449 2735; x_wconf 90' lang='lat' dir='ltr'>esse</span> <span class='ocrx_word' id='word_1_210' title='bbox 1482 2687 1794 2750; x_wconf 85' lang='lat' dir='ltr'>adjutorium</span> <span class='ocrx_word' id='word_1_211' title='bbox 1823 2688 2050 2752; x_wconf 88' lang='lat' dir='ltr'>quando-</span> 
     </span>
     <span class='ocr_line' id='line_1_38' title="bbox 455 2754 2052 2820; baseline -0.001 -15"><span class='ocrx_word' id='word_1_212' title='bbox 455 2773 659 2820; x_wconf 90' lang='lat' dir='ltr'>cunque</span> <span class='ocrx_word' id='word_1_213' title='bbox 683 2757 921 2804; x_wconf 87' lang='lat' dir='ltr'>haberem</span> <span class='ocrx_word' id='word_1_214' title='bbox 947 2756 1318 2811; x_wconf 85' lang='lat' dir='ltr'>necessitatem,</span> <span class='ocrx_word' id='word_1_215' title='bbox 1345 2761 1397 2803; x_wconf 93' lang='lat' dir='ltr'>et</span> <span class='ocrx_word' id='word_1_216' title='bbox 1422 2754 1620 2802; x_wconf 87' lang='lat' dir='ltr'>velletis</span> <span class='ocrx_word' id='word_1_217' title='bbox 1645 2771 1727 2801; x_wconf 91' lang='lat' dir='ltr'>me</span> <span class='ocrx_word' id='word_1_218' title='bbox 1751 2771 2052 2819; x_wconf 87' lang='lat' dir='ltr'>promovere</span> 
     </span>
    </p>
   </div>
   <div class='ocr_carea' id='block_1_7' title="bbox 502 2862 1956 2908">
    <p class='ocr_par' dir='ltr' id='par_1_9' title="bbox 502 2862 1956 2908">
     <span class='ocr_line' id='line_1_39' title="bbox 502 2862 1956 2908; baseline 0 -10"><span class='ocrx_word' id='word_1_219' title='bbox 502 2864 528 2884; x_wconf 78' lang='lat'>²⁵</span> <span class='ocrx_word' id='word_1_220' title='bbox 550 2868 656 2908; x_wconf 70' lang='lat' dir='ltr'>plus:</span> <span class='ocrx_word' id='word_1_221' title='bbox 688 2866 752 2901; x_wconf 82' lang='lat' dir='ltr'>the</span> <span class='ocrx_word' id='word_1_222' title='bbox 785 2868 887 2900; x_wconf 61' lang='lat' dir='ltr'>(Mosa</span> <span class='ocrx_word' id='word_1_223' title='bbox 920 2866 1093 2899; x_wconf 72' lang='lat' dir='ltr'>Notabilis</span> <span class='ocrx_word' id='word_1_224' title='bbox 1122 2864 1222 2898; x_wconf 85' lang='lat' dir='ltr'>dealt</span> <span class='ocrx_word' id='word_1_225' title='bbox 1288 2863 1316 2881; x_wconf 83' lang='lat'><em>“</em></span> <span class='ocrx_word' id='word_1_226' title='bbox 1330 2863 1378 2896; x_wconf 82' lang='lat' dir='ltr'>Et</span> <span class='ocrx_word' id='word_1_227' title='bbox 1395 2863 1534 2896; x_wconf 83' lang='lat' dir='ltr'>mittite</span> <span class='ocrx_word' id='word_1_228' title='bbox 1552 2867 1677 2906; x_wconf 83' lang='lat' dir='ltr'>poetas</span> <span class='ocrx_word' id='word_1_229' title='bbox 1693 2862 1738 2896; x_wconf 83' lang='lat' dir='ltr'>ad</span> <span class='ocrx_word' id='word_1_230' title='bbox 1757 2863 1956 2898; x_wconf 86' lang='lat' dir='ltr'>infernum.</span> 
     </span>
    </p>
   </div>
   <div class='ocr_carea' id='block_1_8' title="bbox 455 2908 2053 3143">
    <p class='ocr_par' dir='ltr' id='par_1_10' title="bbox 455 2908 2053 3143">
     <span class='ocr_line' id='line_1_40' title="bbox 455 2908 2052 2958; baseline 0 -13"><span class='ocrx_word' id='word_1_231' title='bbox 455 2912 541 2946; x_wconf 88' lang='lat' dir='ltr'>with</span> <span class='ocrx_word' id='word_1_232' title='bbox 568 2912 656 2958; x_wconf 86' lang='lat' dir='ltr'>only</span> <span class='ocrx_word' id='word_1_233' title='bbox 673 2917 745 2947; x_wconf 87' lang='lat' dir='ltr'>two</span> <span class='ocrx_word' id='word_1_234' title='bbox 771 2917 836 2947; x_wconf 86' lang='lat' dir='ltr'>out</span> <span class='ocrx_word' id='word_1_235' title='bbox 861 2913 902 2947; x_wconf 85' lang='lat' dir='ltr'>of</span> <span class='ocrx_word' id='word_1_236' title='bbox 923 2912 988 2946; x_wconf 89' lang='lat' dir='ltr'>the</span> <span class='ocrx_word' id='word_1_237' title='bbox 1015 2912 1097 2945; x_wconf 88' lang='lat' dir='ltr'>four</span> <span class='ocrx_word' id='word_1_238' title='bbox 1120 2916 1220 2956; x_wconf 81' lang='lat' dir='ltr'>parts</span> <span class='ocrx_word' id='word_1_239' title='bbox 1332 2910 1378 2943; x_wconf 79' lang='lat' dir='ltr'>Et</span> <span class='ocrx_word' id='word_1_240' title='bbox 1408 2908 1527 2943; x_wconf 85' lang='lat' dir='ltr'>valete</span> <span class='ocrx_word' id='word_1_241' title='bbox 1557 2921 1600 2942; x_wconf 88' lang='lat' dir='ltr'>ex</span> <span class='ocrx_word' id='word_1_242' title='bbox 1630 2911 1852 2944; x_wconf 79' lang='lat' dir='ltr'>monasterio</span> <span class='ocrx_word' id='word_1_243' title='bbox 1882 2911 1920 2945; x_wconf 92' lang='lat' dir='ltr'>in</span> <span class='ocrx_word' id='word_1_244' title='bbox 1947 2915 2052 2945; x_wconf 83' lang='lat' dir='ltr'>west-</span> 
     </span>
     <span class='ocr_line' id='line_1_41' title="bbox 455 2955 1587 3001; baseline 0.003 -9"><span class='ocrx_word' id='word_1_245' title='bbox 455 2959 497 2992; x_wconf 91' lang='lat' dir='ltr'>of</span> <span class='ocrx_word' id='word_1_246' title='bbox 509 2959 573 2993; x_wconf 91' lang='lat' dir='ltr'>the</span> <span class='ocrx_word' id='word_1_247' title='bbox 595 2962 802 2994; x_wconf 65' lang='lat' dir='ltr'>[metrinale.</span> <span class='ocrx_word' id='word_1_248' title='bbox 1428 2955 1587 3001; x_wconf 68' lang='lat' dir='ltr'>phalia·&#39;&#39;</span> 
     </span>
     <span class='ocr_line' id='line_1_42' title="bbox 1285 3013 2053 3049; baseline 0.003 -2"><span class='ocrx_word' id='word_1_249' title='bbox 1285 3013 1365 3048; x_wconf 88' lang='lat' dir='ltr'>The</span> <span class='ocrx_word' id='word_1_250' title='bbox 1393 3014 1510 3048; x_wconf 79' lang='lat' dir='ltr'>words</span> <span class='ocrx_word' id='word_1_251' title='bbox 1541 3014 1670 3047; x_wconf 80' lang='lat' dir='ltr'>“mihi</span> <span class='ocrx_word' id='word_1_252' title='bbox 1709 3042 1716 3049; x_wconf 89' lang='lat'><strong><em>.</em></strong></span> <span class='ocrx_word' id='word_1_253' title='bbox 1757 3041 1764 3048; x_wconf 90' lang='lat'>.</span> <span class='ocrx_word' id='word_1_254' title='bbox 1808 3040 1815 3048; x_wconf 90' lang='lat'>.</span> <span class='ocrx_word' id='word_1_255' title='bbox 1854 3013 2018 3049; x_wconf 85' lang='lat' dir='ltr'>duellum</span> <span class='ocrx_word' id='word_1_256' title='bbox 2033 3014 2053 3031; x_wconf 87' lang='grc'><strong>”</strong></span> 
     </span>
     <span class='ocr_line' id='line_1_43' title="bbox 502 3059 1579 3106; baseline 0 -12"><span class='ocrx_word' id='word_1_257' title='bbox 502 3059 528 3078; x_wconf 81' lang='lat'>⁴⁷</span> <span class='ocrx_word' id='word_1_258' title='bbox 556 3062 599 3094; x_wconf 89' lang='lat' dir='ltr'>In</span> <span class='ocrx_word' id='word_1_259' title='bbox 632 3061 696 3096; x_wconf 86' lang='lat' dir='ltr'>the</span> <span class='ocrx_word' id='word_1_260' title='bbox 728 3062 871 3097; x_wconf 85' lang='lat' dir='ltr'>Second</span> <span class='ocrx_word' id='word_1_261' title='bbox 905 3062 1024 3096; x_wconf 88' lang='lat' dir='ltr'>Series</span> <span class='ocrx_word' id='word_1_262' title='bbox 1057 3061 1121 3096; x_wconf 87' lang='lat' dir='ltr'>the</span> <span class='ocrx_word' id='word_1_263' title='bbox 1152 3061 1218 3106; x_wconf 88' lang='lat' dir='ltr'>Ep.</span> <span class='ocrx_word' id='word_1_264' title='bbox 1286 3060 1396 3106; x_wconf 86' lang='lat' dir='ltr'>being</span> <span class='ocrx_word' id='word_1_265' title='bbox 1413 3061 1579 3095; x_wconf 85' lang='lat' dir='ltr'>omitted.</span> 
     </span>
     <span class='ocr_line' id='line_1_44' title="bbox 455 3107 2039 3143; baseline 0 -1"><span class='ocrx_word' id='word_1_266' title='bbox 455 3108 545 3142; x_wconf 83' lang='lat' dir='ltr'>ends</span> <span class='ocrx_word' id='word_1_267' title='bbox 562 3108 648 3143; x_wconf 88' lang='lat' dir='ltr'>thus</span> <span class='ocrx_word' id='word_1_268' title='bbox 662 3121 717 3142; x_wconf 74' lang='grc' dir='ltr'>ε-</span> <span class='ocrx_word' id='word_1_269' title='bbox 1332 3107 1344 3126; x_wconf 86' lang='lat'>¹</span> <span class='ocrx_word' id='word_1_270' title='bbox 1370 3109 1485 3142; x_wconf 69' lang='lat' dir='ltr'>Lucil).</span> <span class='ocrx_word' id='word_1_271' title='bbox 1499 3120 1511 3142; x_wconf 92' lang='lat'>.·</span> <span class='ocrx_word' id='word_1_272' title='bbox 1536 3108 1600 3142; x_wconf 86' lang='lat' dir='ltr'>the</span> <span class='ocrx_word' id='word_1_273' title='bbox 1615 3107 1775 3142; x_wconf 85' lang='lat' dir='ltr'>allusion</span> <span class='ocrx_word' id='word_1_274' title='bbox 1793 3109 1823 3142; x_wconf 88' lang='lat' dir='ltr'>is</span> <span class='ocrx_word' id='word_1_275' title='bbox 1841 3108 2039 3143; x_wconf 85' lang='lat' dir='ltr'>unknown.</span> 
     </span>
    </p>
   </div>
   <div class='ocr_carea' id='block_1_9' title="bbox 1225 3167 1287 3208">
    <p class='ocr_par' dir='ltr' id='par_1_11' title="bbox 1225 3167 1287 3208">
     <span class='ocr_line' id='line_1_45' title="bbox 1225 3167 1287 3208; baseline 0 0"><span class='ocrx_word' id='word_1_276' title='bbox 1225 3167 1287 3208; x_wconf 80' lang='lat'>54</span> 
     </span>
    </p>
   </div>
  </div>
 </body>
</html>
