2247 3637
244 246 388 295 11.43]
507 233 742 290 OTHO
798 229 1592 288 FLERSZKLIRDRIUS

241 344 396 392 debet
422 342 590 398 vendi,
617 348 669 390 et
704 340 878 406 rogavi
912 357 1031 388 eum
1056 338 1195 403 quod
1221 338 1335 386 vult
1372 355 1574 386 causam
1611 343 1839 385 nostram

244 409 604 459 commendare
629 408 679 456 in
706 407 954 457 cancellis.
1009 404 1329 470 Respondit:
1357 413 1385 431 “
1407 405 1731 454 Permittatis
1756 421 1840 453 me

244 479 296 525 in
320 493 474 543 pace:
511 493 607 540 ego
633 492 746 523 sum
772 475 852 523 hic
877 474 1016 538 quod
1040 473 1203 521 debeo
1229 472 1477 520 seminare
1503 471 1717 520 verbum
1742 471 1839 527 dei,

244 553 298 593 et
339 561 442 592 non
479 544 642 592 debeo
678 541 1014 590 scandalizare
1049 556 1357 605 quenquam.
1431 539 1569 594 Quia
1593 539 1841 602 scriptum

245 618 353 660 est:
388 619 399 637 ⁴
419 611 526 667 Qui
558 608 972 657 scandalizaverit
1001 625 1162 656 unum
1188 623 1251 655 ex
1282 605 1507 654 minimis
1532 605 1657 661 istis,
1684 606 1794 653 etc.’
1817 606 1839 623 '³

247 678 320 727 Et
346 677 415 727 sic
440 694 543 726 non
567 676 713 741 potui
741 677 1023 741 Impetrare
1042 674 1180 739 quod
1202 673 1356 722 vellet
1375 673 1617 721 adiuvare
1636 689 1841 720 causam

246 745 377 793 fidei.
467 745 530 792 In
571 744 669 791 alio
711 760 860 808 passu
902 741 1105 790 notavi:
1160 740 1386 797 Quando
1426 740 1527 788 fuit
1568 739 1649 787 hic
1685 739 1842 787 frater

249 812 465 860 Iacobus
489 811 552 858 de
580 810 773 858 Ordine
797 815 974 858 nostro
992 815 1044 857 et
1065 808 1334 857 seminavit
1353 807 1696 872 indulgentias
1715 823 1842 869 quas

248 877 635 943 impetravimus
663 877 863 925 Romae
887 893 978 941 pro
1004 876 1322 924 Monasterio
1349 873 1688 939 Augustensi‚
1714 879 1840 921 tunc

247 945 403 995 etiam
435 946 637 1009 rogavit
670 943 844 1008 pdictfi
872 944 1158 991 Doctorem
1185 943 1354 1007 Reysz
1379 942 1518 1006 quod
1547 941 1599 989 in
1624 940 1842 989 ambone
1897 958 1915 987 5

247 1013 402 1061 vellet
410 1012 616 1060 laudare
631 1011 740 1059 illas
751 1010 1107 1074 Indulgentias
1123 1017 1175 1058 et
1183 1011 1385 1060 hortare
1402 1009 1637 1057 mulieres
1653 1014 1706 1057 et
1721 1007 1843 1056 alios

247 1080 387 1144 quod
412 1080 555 1128 daret
580 1079 850 1144 pecuniam
875 1079 939 1125 ad
965 1078 1162 1134 cistam,
1188 1077 1308 1142 quia
1332 1083 1465 1125 esset
1491 1077 1619 1124 bene
1644 1075 1839 1123 datum.

249 1148 351 1195 Sed
385 1147 490 1211 ipse
522 1145 753 1211 permisit
779 1162 897 1193 eum
923 1144 1088 1193 dicere
1113 1144 1358 1209 quicquid
1384 1143 1565 1199 voluit,
1591 1149 1643 1191 et
1666 1148 1843 1191 tamen

250 1231 352 1262 non
383 1214 547 1262 voluit
582 1213 748 1262 dicere
783 1229 945 1260 unum
982 1211 1196 1260 verbum
1233 1212 1297 1259 de
1335 1210 1694 1275 Indulgentiis.
1768 1208 1843 1257 Et

250 1282 431 1330 Frater
453 1281 671 1329 Iacobus
696 1279 852 1328 semel
876 1278 1009 1327 dixit
1033 1279 1096 1326 ad
1122 1295 1243 1327 eum
1268 1287 1298 1306 ‘⁶
1319 1278 1458 1327 Ecce
1482 1294 1574 1326 vos
1604 1276 1842 1325 invidetis

249 1348 395 1397 nobis
420 1349 559 1413 quod
585 1348 831 1396 debemus
857 1346 1094 1411 colligere
1118 1345 1403 1410 pecuniam,
1429 1351 1482 1394 et
1505 1351 1682 1392 tamen
1707 1343 1845 1392 colli·

249 1433 431 1481 gamus
456 1416 613 1464 etiam
633 1414 672 1462 si
691 1413 901 1462 deberet
919 1413 1062 1461 vobis
1079 1429 1164 1460 cor
1180 1412 1391 1478 frangi.’'
1438 1412 1512 1460 Et
1531 1411 1663 1459 dixit
1686 1410 1844 1460 etiam

250 1484 302 1532 in
328 1484 573 1531 Ambone
592 1500 602 1530 ε
633 1490 660 1508 “
678 1498 795 1530 ecce
814 1480 895 1528 hic
914 1480 1112 1528 habetis
1130 1478 1474 1544 indulgentias
1490 1485 1542 1527 et
1558 1479 1659 1527 lfas
1678 1477 1844 1526 indul-

249 1551 513 1615 gentialeS,
540 1556 594 1598 et
617 1549 756 1614 quod
782 1547 1029 1612 scriptum
1054 1553 1132 1596 est
1156 1547 1209 1594 in
1234 1547 1346 1603 illis,
1373 1552 1449 1594 est
1483 1545 1555 1594 ita
1580 1562 1759 1594 verum
1792 1551 1844 1593 et

251 1618 563 1666 credendum
588 1616 720 1665 sicut
743 1614 1082 1679 evangelium.
1155 1614 1230 1662 Et
1253 1614 1459 1678 quando
1484 1613 1710 1677 accipitis
1736 1612 1844 1660 illas

254 1684 625 1750 Indulgenfflas,
646 1690 772 1731 tunc
792 1682 911 1730 estis
930 1681 1003 1729 ita
1027 1680 1247 1729 absoluti
1268 1680 1399 1729 sicut
1423 1681 1464 1728 si
1484 1680 1718 1728 Christus
1736 1686 1846 1728 met

253 1751 472 1801 venisset
497 1758 550 1800 et
573 1749 873 1798 absolvisset
897 1749 1033 1797 VOS.”
1080 1749 1230 1796 Tunc
1255 1748 1458 1796 Doctor
1483 1748 1654 1812 Reysz
1677 1746 1848 1794 tenuit

250 1818 563 1885 oppositum,
583 1818 754 1865 dicens
774 1835 784 1874 3
811 1824 838 1843 ‘⁶
856 1815 1000 1864 Nihil
1018 1822 1095 1864 est
1115 1816 1517 1880 comparandum
1538 1831 1656 1863 cum
1676 1814 1848 1861 Evan-

251 1887 415 1952 gelio:
452 1892 505 1935 et
530 1885 617 1950 qui
643 1884 773 1933 bene
796 1883 935 1940 facit,
962 1884 1092 1932 bene
1116 1883 1223 1931 ibit.
1286 1882 1361 1931 Et
1385 1882 1425 1930 si
1450 1881 1630 1946 aliquis
1656 1880 1847 1930 centies

252 1952 504 2019 acceperit
527 1953 649 2002 istas
674 1950 1033 2016 indulgentias,
1054 1957 1108 1999 et
1126 1966 1229 1998 non
1257 1950 1383 1998 bene
1407 1949 1608 2006 vixerit,
1633 1948 1847 2014 peribit:

252 2039 346 2071 nec
388 2019 716 2069 adiuvabitur
756 2036 846 2084 per
883 2018 1005 2067 istas
1050 2017 1422 2082 IndulgentiaS.
1497 2017 1598 2065 Sed
1641 2022 1851 2065 econtra

252 2089 409 2153 siquis
467 2089 598 2136 bene
655 2085 856 2142 vixerit,
905 2086 986 2134 vel
1044 2091 1162 2150 post
1216 2091 1426 2150 peccata
1480 2083 1849 2149 paenitentiam

254 2155 415 2221 egerit
449 2162 501 2204 et
528 2155 689 2202 vitam
726 2152 1037 2202 Emedabit:
1074 2168 1192 2200 ecce
1228 2169 1324 2216 ego
1360 2151 1595 2217 praedico
1631 2152 1676 2200 ei
1712 2151 1851 2216 quod

254 2223 350 2271 erit
387 2222 646 2270 habitator
680 2220 823 2285 regni
856 2220 1147 2276 Caelorum‚
1177 2236 1272 2268 nec
1304 2219 1557 2284 indigebit
1594 2218 1707 2266 ullis
1742 2217 1850 2266 aliis

255 2289 497 2338 auxiliis.”
557 2289 631 2337 Et
663 2287 733 2336 sic
766 2287 939 2336 notavi
971 2288 1111 2351 quod
1144 2286 1239 2335 iste
1275 2286 1455 2334 doctor
1486 2287 1609 2335 reisz
1641 2292 1720 2334 est
1746 2284 1850 2332 Ini-

255 2357 418 2405 micus
453 2355 833 2420 religiosorum:
870 2361 922 2403 et
952 2354 1154 2402 videtur
1186 2354 1343 2403 etiam
1380 2353 1506 2401 mihi
1539 2353 1677 2417 quod
1713 2352 1851 2400 favet

259 2426 330 2472 Io.
351 2425 415 2473 R.
438 2441 448 2472 z
474 2422 708 2488 quamvis
729 2422 912 2470 nescio.
969 2421 1111 2485 Ergo
1128 2420 1312 2469 videtis
1336 2420 1460 2485 quid
1480 2420 1543 2468 sit
1559 2419 1849 2468 dicendum.

257 2493 399 2540 Bene
440 2490 664 2540 concedo
706 2489 845 2553 quod
879 2488 1130 2553 Theologi
1167 2488 1413 2537 Coloniae
1449 2487 1551 2535 sint
1583 2487 1636 2535 in
1666 2501 1853 2550 magna

256 2558 598 2614 veneratione,
619 2563 672 2606 et
695 2556 835 2622 quod
851 2555 1102 2620 Theologi
1120 2555 1370 2604 seculares
1388 2561 1441 2603 et
1460 2552 1708 2602 mundani
1733 2558 1855 2601 sunt

257 2627 309 2675 in
344 2642 531 2691 magna
567 2624 755 2673 unione
790 2640 908 2672 cum
945 2622 1216 2688 religiosis:
1271 2621 1358 2670 sed
1394 2621 1475 2669 hic
1511 2637 1615 2669 non
1651 2626 1729 2668 est
1764 2619 1850 2668 ita.

259 2693 418 2758 Spero
440 2699 616 2741 tamen
640 2690 780 2756 quod
805 2691 1012 2754 quando
1032 2689 1289 2739 Reuchlin
1309 2688 1403 2738 erit
1428 2695 1708 2753 superatuS,
1727 2693 1854 2735 tunc

257 2759 507 2824 Theologi
542 2759 847 2824 gaudebunt
881 2758 1116 2814 invicem,
1143 2757 1282 2821 quod
1313 2761 1538 2820 praestet
1570 2754 1714 2802 nobis
1745 2753 1854 2802 Sal-

259 2833 405 2875 vator
429 2832 604 2875 noster
627 2825 937 2890 unigenitus.
1011 2826 1202 2873 Amen.
1276 2823 1480 2870 Datum
1510 2820 1795 2886 Herbipoli.

306 2918 333 2938 ⁸⁹
350 2921 469 2962 script.
483 2931 495 2954 .·
522 2919 629 2952 Matt.
649 2918 746 2952 xviii.
767 2919 800 2953 6.
1156 2915 1182 2935 ⁹⁷
1207 2918 1316 2950 daret.
1367 2917 1436 2958 Sic,
1456 2915 1494 2948 in
1511 2911 1578 2959 [D]
1596 2914 1668 2949 and
1686 2912 1760 2960 [E].

1024 3175 1121 3217 223

1875 623 1912 652 00

1878 1297 1936 1327 100

1879 1632 1937 1662 105

1885 1969 1942 1998 110

1887 2303 1944 2334 115

1888 2637 1946 2668 120
