2247 3637
421 254 892 311 EPISTOLAE
956 253 1548 312 OBSCURORUM
1600 252 2009 310 VIRORUM

417 361 649 410 toribus?
720 362 866 410 Deus
897 368 950 410 te
989 368 1268 410 conservet.
1342 362 1443 410 Sed
1476 361 1515 409 si
1549 360 1652 409 ulla
1687 366 1764 408 est
1793 359 2007 415 iusticia,

347 445 385 475 95
417 435 476 477 tu
518 444 622 476 non
669 435 813 493 potes
861 428 1083 493 superari
1131 428 1183 476 in
1225 429 1321 477 ista
1363 445 1524 477 causa
1615 426 1757 490 Ergo
1798 443 2007 491 possum

418 494 617 544 dicere:
669 495 942 545 ‘zelabunt
984 502 1164 560 gentes
1202 502 1254 545 61
1296 495 1422 543 nihil
1463 495 1735 542 adversum
1774 499 1829 542 te
1865 499 2010 558 pote-

417 563 612 610 runt.'”
686 562 949 627 Respondi
985 563 1218 612 occulte:
1256 563 1461 610 “Fiant
1497 561 1602 609 dies
1638 560 1745 609 eius
1768 560 1932 625 pauci,
1959 566 2011 609 et

420 628 791 694 Episcopatum
830 630 935 678 eius
976 629 1191 694 accipiat
1222 629 1361 677 alter.
1369 630 1393 646 '
1462 630 1563 677 Per
1598 628 1769 682 deum,
1805 627 2013 676 domine

423 695 654 753 Ortvine,
702 713 794 745 nos
839 696 1087 744 habemus
1134 696 1323 744 multas
1368 694 1735 744 tribulationes,
1807 693 2012 742 Vellem

326 779 385 809 100
421 763 559 826 quod
588 763 685 812 ista
723 780 872 812 causa
909 769 1041 811 esset
1079 763 1348 827 expedita:
1386 769 1438 811 et
1479 778 1598 826 ergo
1626 760 1855 809 scribatis
1888 759 2011 808 mihi

420 835 597 878 tamen
620 830 882 895 quomodo
916 835 1020 877 stat
1050 829 1103 877 in
1134 830 1288 878 Curia
1318 830 1571 886 Romana,
1598 835 1651 877 et
1678 827 1890 876 valeatis
1923 843 2013 892 per

419 903 501 945 tot
520 914 678 945 annos
696 903 824 961 quot
843 896 974 945 vixit
994 896 1320 945 Matusalem.

529 981 678 1019 Datum
700 981 979 1018 anmsmvm.

1168 1185 1276 1233 XV

533 1324 596 1372 GT.
634 1322 713 1371 M.
742 1322 850 1370 PE
860 1321 1062 1369 ZRUS
1094 1321 1311 1368 STEY
1305 1321 1607 1368 NHART
1628 1320 1860 1384 Dlagism
1863 1336 1890 1368 ο

865 1388 1082 1437 Ortvz'no
1111 1388 1197 1436 Gr
1199 1388 1301 1435 atio
1327 1387 1551 1436 Salutem

571 1524 847 1573 ULTUM
886 1523 1070 1573 vellem
1105 1523 1249 1572 vobis
1286 1523 1515 1579 scribere,
1541 1523 1749 1572 domine
1776 1523 2011 1579 Ortvine‚

604 1592 667 1640 de
706 1591 1024 1640 novitatibus
1062 1590 1301 1639 hincinde
1348 1597 1400 1638 et
1448 1590 1591 1639 bellis
1633 1597 1686 1639 et
1725 1590 1918 1655 guerris
1960 1596 2014 1639 et

364 1674 384 1704 5
419 1659 576 1708 etiam
613 1660 677 1707 de
715 1660 882 1707 Causa
919 1658 1162 1706 Iohannis
1199 1658 1486 1706 Reuchlin:
1526 1658 1626 1706 Sed
1663 1658 1764 1706 iam
1801 1674 1917 1706 sum
1941 1656 2015 1705 ita

418 1728 578 1776 iratus
610 1726 750 1790 quod
783 1742 887 1774 non
916 1742 1140 1801 possum
1163 1725 1335 1773 sedere
1370 1742 1489 1790 prae
1525 1725 1626 1773 ira:
1665 1731 1718 1773 et
1754 1741 1875 1789 ergo
1910 1740 2013 1772 non

420 1810 628 1859 possum
652 1792 866 1841 scribere
890 1791 1027 1848 talia,
1054 1792 1175 1857 quia
1211 1792 1315 1840 Cor
1350 1792 1525 1857 palpat
1548 1791 1676 1840 mihi
1701 1792 1845 1855 quasi
1881 1808 2013 1839 unus

420 1866 708 1936 percuteret
743 1876 862 1908 cum
899 1876 1089 1923 pugno,
1115 1858 1235 1923 quia
1269 1865 1346 1908 est
1382 1858 1463 1906 hic
1499 1875 1631 1907 unus
1656 1858 1914 1906 Almanus
1950 1859 2014 1906 de

419 1927 649 1993 partibus
676 1927 1034 1983 Misnensimn,
1061 1933 1114 1974 et
1148 1926 1254 1990 ipse
1290 1925 1525 1991 promisit
1559 1925 1685 1973 mihi
1710 1926 1829 1973 dare
1849 1941 2012 1973 unum

346 2010 384 2040 10
420 1993 806 2043 vocabularium
843 1993 1004 2041 Iuris:
1046 2000 1100 2042 et
1137 2009 1274 2042 nunc
1317 2009 1419 2041 non
1461 1992 1576 2041 vult
1611 1993 1744 2049 dare,
1775 1998 1827 2040 et
1865 2009 2014 2057 saepe

419 2061 597 2110 monui
622 2078 741 2109 eum
766 2060 1112 2115 amicabiliter,
1140 2060 1227 2108 sed
1253 2076 1355 2107 non
1380 2059 1538 2108 iuvat.
1611 2059 1686 2107 Et
1707 2059 1854 2107 video
1873 2060 2012 2123 quod

420 2128 710 2193 praetendit
758 2144 841 2176 me
888 2144 1086 2177 vexare.
1161 2127 1263 2175 Sed
1315 2126 1436 2191 quia
1488 2126 1624 2174 scitis
1672 2127 1812 2190 quod
1860 2143 2013 2175 omne

419 2195 726 2261 promissum
752 2194 924 2243 cadit
912 2211 964 2242 ln
989 2193 1239 2251 debitum,
1265 2200 1533 2259 propterea
1556 2193 1652 2242 feci
1679 2210 1798 2242 eum
1824 2192 1993 2242 citare.

521 2262 670 2310 Tunc
711 2261 862 2310 hodie
904 2261 1102 2325 scripsit
1143 2260 1267 2309 mihi
1303 2277 1460 2309 unam
1495 2260 1721 2309 litteram
1757 2259 2012 2325 vitupera·

347 2340 385 2371 15
418 2329 581 2377 tivam
618 2335 671 2378 et
706 2328 1060 2378 scandalisavit
1095 2345 1179 2376 me
1213 2328 1357 2391 quasi
1398 2328 1658 2376 bufonem.
1732 2328 1873 2391 Ergo
1898 2344 2014 2376 sum

420 2396 493 2444 ita
516 2395 674 2445 iratus
698 2396 838 2460 quod
863 2395 1033 2444 nescio
1068 2395 1193 2459 quid
1229 2394 1391 2444 debeo
1422 2395 1601 2443 facere
1676 2395 1777 2443 Sed
1803 2394 1955 2443 1010
1943 2411 2014 2443 116

420 2464 484 2511 ad
529 2463 926 2539 gubernatorem
973 2468 1025 2511 et
1072 2461 1345 2538 impetrare
1393 2478 1556 2510 unum
1604 2461 1909 2510 mandatum
1950 2461 2014 2510 de

421 2531 683 2595 capiendo,
708 2530 828 2594 quia
868 2530 963 2578 iste
1005 2528 1169 2577 socius
1201 2535 1278 2578 est
1315 2528 1439 2577 mihi
1477 2534 1740 2593 suspectus
1775 2528 1839 2577 de
1874 2528 2010 2593 fuga.

421 2597 496 2646 Et
519 2597 726 2662 quando
751 2613 855 2645 non
880 2595 1043 2644 mittit
1068 2596 1193 2644 mihi
1218 2596 1393 2644 statim
1423 2595 1626 2652 librum,
1651 2601 1778 2643 tunc
1803 2594 2014 2643 afferam

348 2680 387 2711 20
421 2665 640 2713 famulos
681 2663 898 2730 pariselli
945 2663 1008 2711 ad
1057 2663 1420 2728 captivandum
1459 2678 1595 2718 eum,
1632 2669 1684 2710 et
1720 2662 1926 2711 mittere
1962 2661 2013 2709 in

466 2807 624 2852 ⁰⁷fiant:
649 2807 744 2842 Psal.
761 2808 854 2842 cviii.
874 2809 905 2841 8.
1253 2806 1388 2850 during
1409 2806 1474 2840 the
1498 2805 1566 2840 XV
1569 2805 1609 2840 111
1634 2806 1706 2840 aud
1733 2806 1799 2840 XV
1804 2806 1863 2840 lth
1892 2806 2016 2840 056111.

468 2855 481 2874 ¹
499 2857 604 2898 bellis,
620 2855 685 2890 Sec.
704 2866 712 2890 ε
736 2857 789 2890 i.e.
811 2853 1072 2888 Maximiliau‘s
1089 2865 1185 2888 cam·
1254 2854 1289 2887 lt
1306 2864 1389 2898 may
1406 2852 1451 2887 be
1475 2853 1663 2888 described
1688 2865 1726 2887 as
1750 2865 1772 2887 a
1796 2853 1962 2899 glossary
1979 2852 2022 2887 of

422 2903 531 2947 paigu
550 2903 588 2936 in
606 2902 796 2936 Northern
816 2901 924 2947 Italy.
1252 2899 1349 2943 legal
1366 2898 1551 2934 technical
1571 2904 1692 2934 terms.

470 2948 496 2967 ¹⁰
522 2950 654 2991 Vomh,
668 2949 735 2983 &a
778 2948 810 2982 A
825 2948 925 2983 work
939 2948 982 2982 of
991 2948 1183 2982 uncertain
1301 2945 1453 2989 “vitula
1505 2946 1581 2980 Not
1598 2946 1796 2982 elsewhere
1820 2951 1896 2981 met
1915 2946 2016 2990 with,

420 2996 653 3040 authorship,
671 2994 817 3040 usually
841 2996 938 3030 cited
962 3006 1001 3029 as
1034 2996 1185 3028 Vocabu-
1252 2997 1384 3058 except
1401 2994 1437 3027 in
1456 2993 1524 3039 Ep.
1544 2994 1579 3027 ii.
1600 2996 1655 3029 53.

422 3044 535 3076 larius
549 3044 653 3076 Juris
669 3044 862 3086 utriusque.
905 3042 957 3076 Its
975 3041 1185 3087 popularity
1300 3038 1507 3083 2⁰pari-velli.
1535 3040 1611 3075 Not
1621 3040 1906 3076 elsewhercmet
1917 3039 2014 3074 with.

421 3100 504 3134 may
523 3089 567 3123 be
582 3089 776 3124 estimated
798 3090 891 3123 from
915 3089 980 3123 the
1004 3089 1079 3123 fact
1102 3088 1185 3123 that
1253 3087 1312 3121 Du
1355 3086 1480 3132 sange
1520 3087 1607 3124 has:
1650 3087 1858 3133 Bargellus,
1896 3089 2019 3129 lie5t0r

421 3147 521 3170 some
553 3136 652 3181 forty
681 3136 839 3170 editions
868 3147 962 3171 were
991 3135 1184 3181 published
1254 3133 1475 3178 Bangenos,
1493 3136 1684 3177 apparitor.

1185 3195 1278 3237 168
