2247 3637
164 200 286 251 1.37]
409 186 865 245 LUPOLDUS
920 185 1513 241 FEDERFUSIUS

162 300 303 364 quod
341 298 540 347 audivit
574 299 869 361 frequenter
904 313 932 343 a
971 313 1062 344 sua
1099 301 1264 343 matre
1299 295 1437 358 quod
1475 294 1569 342 viri
1612 310 1757 359 prae-

163 367 351 431 putiati
376 366 573 414 faciunt
596 364 797 413 feminis
825 364 1070 410 maiorem
1094 363 1434 426 voluptatem,
1459 378 1615 424 quam
1654 377 1758 409 non

163 433 502 498 praeputiati:
539 448 651 480 eam
676 432 742 480 ob
768 447 969 478 causam
995 429 1134 485 dicit,
1161 429 1372 492 quando
1398 445 1518 476 suus
1543 428 1757 477 maritus

165 500 395 556 moritur,
422 507 473 547 et
498 500 605 564 ipsa
629 499 786 547 alium
810 497 1040 562 accipiet,
1066 496 1150 544 ille
1182 495 1339 543 debet
1371 495 1528 542 etiam
1562 496 1757 543 nullam

164 575 337 616 cutem
376 567 561 615 habere
603 567 654 614 in
694 566 953 614 membro:
1007 580 1128 628 ergo
1176 579 1279 609 non
1326 568 1404 610 est
1446 562 1757 609 credendum

162 633 302 698 quod
360 640 500 680 amat
559 633 991 697 burgimagistros,
1040 632 1160 695 quia
1220 629 1603 694 burgimagistri
1654 646 1758 677 non

162 703 373 750 fuerunt
435 700 628 755 Iudaei,
676 717 770 748 nec
829 705 951 747 sunt
1005 697 1287 746 circumcisi
1336 696 1469 744 sicut
1517 695 1758 744 dominus

164 770 385 817 Ioannes
444 767 795 815 Pfefferkorn:
854 771 1125 831 propterea
1171 763 1444 827 relinquite
1485 762 1656 827 ipsum
1705 762 1757 811 in

163 851 316 900 pace:
353 834 473 881 alias
516 834 702 882 scribet
740 841 918 882 contra
946 850 1036 881 vos
1077 849 1241 881 unum
1278 836 1562 879 tractatum
1601 846 1757 894 quem

162 900 451 951 intitulabit
477 909 487 927 ‘
505 901 586 949 die
611 900 961 965 sturmglock‚'
986 906 1047 949 ut
1078 899 1201 948 fecit
1236 905 1414 946 contra
1451 897 1757 946 Reuchlin.’'

162 970 271 1017 Vos
312 968 510 1017 debetis
550 968 702 1016 istam
748 968 974 1016 litteram
1016 967 1283 1015 ostendere
1324 965 1533 1013 domino
1577 964 1759 1012 Ioanni

161 1036 500 1091 Pfefferkorn,
518 1042 578 1084 ut
603 1052 654 1083 se
678 1035 922 1083 defendat
945 1034 1146 1083 realiter
1170 1039 1347 1082 contra
1370 1033 1498 1081 tales
1524 1032 1758 1086 Iudaeos,

162 1110 216 1152 et
264 1104 628 1152 Hermannum
678 1102 974 1157 Buschium,
1017 1101 1261 1165 quoniam
1302 1100 1409 1164 ipse
1450 1106 1528 1148 est
1566 1098 1760 1146 amicus

161 1187 307 1219 meus
355 1169 794 1234 singularissimus,
834 1176 886 1217 et
933 1168 1194 1216 mutuavit
1242 1168 1367 1216 mihi
1410 1167 1497 1215 .X.
1542 1166 1760 1214 florenos

161 1239 369 1302 quando
393 1237 469 1285 fui
493 1243 759 1302 promotus
778 1236 1124 1284 baccalaurius
1142 1236 1392 1283 formatus
1411 1235 1464 1282 in
1481 1233 1756 1298 theologia.

163 1305 368 1353 Datum
415 1321 479 1352 ex
528 1306 734 1352 Verona
780 1302 1082 1368 Agrippina,
1131 1302 1220 1350 ubi
1263 1301 1516 1350 Buschius
1558 1307 1611 1349 et
1653 1301 1761 1349 eius

163 1374 330 1421 socius
369 1372 704 1420 comederunt
745 1370 924 1435 pingui
963 1370 1027 1418 de
1064 1368 1269 1434 gallina.

819 1674 1109 1721 XXXVII

164 1809 227 1858 (I
264 1808 698 1857 LUPOLDUS
736 1807 1312 1856 FEDERFUSIUS
1352 1823 1466 1855 moa?
1506 1805 1762 1856 licentian-

333 1876 426 1924 ἀπε
478 1876 559 1924 M.
613 1876 829 1924 Ortvino
880 1875 1071 1924 Gratio
1124 1880 1197 1922 tot
1248 1874 1431 1923 salute-5²
1478 1873 1596 1922 dicit
1644 1880 1763 1938 quot

332 1960 488 1992 aucae
522 1943 780 1992 comedunt
810 1942 1052 2007 gramina

297 2077 548 2125 OMINE
597 2077 840 2142 magister
888 2077 1121 2132 Ortvine,
1165 2083 1242 2125 est
1289 2076 1342 2124 in
1383 2075 1672 2141 Erphordia
1713 2075 1765 2122 in

328 2144 637 2208 quodlibetis
669 2150 811 2192 mota
845 2161 948 2192 una
983 2143 1214 2207 quaestio
1238 2143 1465 2191 multum
1490 2142 1689 2190 subtilis
1713 2142 1764 2189 in

166 2211 364 2259 duabus
396 2212 744 2268 facultatibus,
770 2210 1095 2275 theologicali
1124 2218 1178 2259 et
1200 2211 1461 2276 physicali.
1535 2209 1765 2267 Quidam

164 2278 343 2326 dicunt
378 2280 584 2342 quando
622 2279 844 2327 Iudaeus
878 2279 939 2327 fit
975 2278 1309 2334 Christianus,
1342 2284 1563 2344 protunc
1598 2293 1763 2324 renas-

166 2346 297 2393 citur
321 2346 415 2393 sibi
438 2346 780 2411 praeputium,
806 2361 936 2410 quae
961 2352 1039 2393 est
1062 2346 1192 2394 cutis
1210 2345 1433 2410 praecisa
1452 2345 1515 2392 de
1533 2343 1765 2392 membro

166 2411 296 2461 virili
319 2412 372 2461 in
397 2413 667 2461 nativitate
690 2430 779 2478 per
797 2413 965 2477 legem
991 2414 1315 2461 Iudaeorum.
1367 2412 1441 2460 Et
1459 2411 1532 2459 illi
1557 2417 1677 2458 sunt
1701 2411 1765 2457 de

215 2543 242 2563 ‘⁹
274 2546 515 2587 praeputiati:
563 2546 619 2578 z'.e.
668 2543 932 2585 circumcised;
1045 2543 1073 2563 ⁶⁵
1094 2547 1190 2588 piny.
1234 2547 1275 2579 de
1315 2546 1382 2588 qal.
1460 2544 1491 2577 A
1533 2542 1685 2588 locality
1726 2543 1764 2576 iu

168 2596 234 2625 not
247 2591 312 2626 the
325 2603 484 2634 reverse,
498 2602 537 2625 as
551 2592 589 2624 in
602 2591 633 2624 T
634 2590 824 2633 ertullian,
840 2592 930 2624 Adv.
999 2591 1165 2637 Cologne
1189 2593 1219 2626 is
1244 2591 1321 2625 still
1345 2591 1477 2624 named
1501 2591 1610 2624 Unter
1628 2592 1765 2624 Fettmz-

169 2640 299 2681 Marc„
326 2650 358 2673 ν.
385 2639 418 2673 9.
471 2638 745 2683 “Praeputiare
767 2639 800 2671 .i.
829 2637 931 2671 illam
999 2640 1145 2680 hemzen,
1172 2639 1239 2673 but
1265 2650 1304 2672 as
1330 2638 1437 2671 Bonn
1463 2638 1492 2671 is
1521 2637 1610 2671 here
1640 2641 1765 2670 meant

169 2683 303 2730 pellem
345 2684 591 2731 praecidere.’'
645 2687 789 2719 Gemma
832 2686 933 2719 Gem-
998 2686 1063 2720 the
1080 2685 1240 2720 allusion
1258 2686 1287 2719 is
1305 2685 1469 2719 obscure.

170 2743 322 2766 marum.
382 2732 457 2776 (Sir
490 2732 549 2765 W.
585 2731 791 2773 Hamilton,
826 2733 931 2765 Ediu.

172 2780 265 2821 Rev„
284 2790 337 2811 cv.
365 2790 399 2824 p.
419 2779 500 2817 208,
526 2790 643 2813 seems
668 2783 706 2813 to
732 2779 825 2813 have
850 2779 932 2812 mis—

171 2824 397 2859 understood
416 2825 519 2870 this.)

219 2870 247 2891 ⁵⁸
272 2873 504 2916 sturmylock:
528 2872 628 2917 publ.
653 2878 693 2907 at
716 2873 782 2907 the
806 2872 878 2907 end
897 2872 939 2906 of

177 2919 278 2952 1514.
1047 2916 1061 2935 ⁵
1086 2918 1231 2960 quodlib.
1246 2928 1257 2950 .·
1299 2915 1496 2960 originally
1529 2914 1651 2950 subtle
1691 2915 1766 2949 and

1047 2753 1060 2772 ¹
1086 2755 1229 2796 Lupold.
1276 2754 1343 2787 See
1356 2753 1533 2796 Bur-gaud
1547 2752 1610 2786 des
1625 2752 1765 2786 Marets

1000 2801 1074 2834 and
1109 2801 1286 2845 Rathery‚
1323 2801 1469 2834 Oeuvres
1509 2801 1550 2833 de
1592 2800 1764 2838 Rabelais,

1002 2848 1072 2881 vol.
1092 2848 1114 2881 i.
1134 2859 1168 2893 p.
1188 2848 1268 2881 350.

219 2964 247 2985 ⁵⁹
272 2968 327 2999 ist.
343 2967 393 2999 lit.
410 2977 422 2999 :
441 2966 468 2983 “
480 2965 554 3000 this
572 2965 682 3000 letter
699 2966 741 3000 of
756 2965 887 3000 mine.'’
1001 2963 1188 2998 elaborate
1254 2962 1477 3007 theological
1540 2967 1767 3008 arguments,

218 3011 248 3032 ⁶⁴
281 3013 358 3046 Ver.
380 3015 446 3055 Ay.
496 3012 614 3053 Boun,
633 3012 710 3047 also
738 3012 870 3046 known
896 3024 935 3045 as
1001 3011 1090 3055 they
1124 3010 1195 3043 had
1230 3009 1477 3054 degenerated
1505 3010 1584 3044 into
1610 3010 1766 3055 trifling,

172 3059 320 3094 Verona
338 3059 528 3093 Rhenana.
1000 3057 1073 3091 and
1090 3057 1194 3091 often
1212 3057 1441 3096 indecorous‚
1460 3057 1694 3092 discussions.

936 3119 998 3160 95

1791 376 1828 405 50

1791 712 1829 741 55

1793 1050 1831 1080 60

1796 1383 1833 1413 65

1800 2156 1819 2186 5
