2247 3637
491 226 961 283 EPISTOLAE
1022 226 1616 284 OBSCURORUM
1671 226 2083 283 VIRORUM

490 352 608 383 cum
633 335 895 383 destructo
914 335 1079 399 capite
1098 336 1123 350 '’
1159 342 1211 384 et
1241 344 1270 364 ‘⁶
1289 354 1414 384 auca
1437 337 1636 400 caput,'‘
1669 352 1732 383 ex
1758 335 1842 383 illa
1873 335 2084 391 ratione,

418 421 456 450 60
490 402 610 466 quia
649 402 755 466 ipse
795 403 940 450 stetit
975 403 1132 450 semel
1168 403 1299 452 male
1335 403 1387 450 in
1422 402 1801 467 disputatione3
1836 408 1963 449 tunc
1999 419 2083 449 ex-

490 469 794 533 pediverunt
819 486 938 517 eum
971 469 1043 518 ita
1074 470 1276 518 realiter
1300 470 1431 518 sicut
1457 486 1589 518 unus
1623 470 1675 516 in
1708 475 1918 517 centum
1942 468 2086 516 annis

491 536 762 600 expeditus
788 543 877 585 est.
952 537 1025 584 Et
1050 553 1182 585 unus
1207 538 1500 601 expectavit
1524 553 1644 584 eum
1669 542 1788 583 ante
1813 535 2085 584 lectorium

491 609 543 650 et
584 603 809 651 detraxit
852 620 1001 651 suum
1040 604 1273 652 baretum
1320 605 1384 651 ab
1426 605 1542 651 inde
1586 603 1693 665 (sed
1735 618 1838 650 non
1880 609 2088 668 propter

491 670 753 726 honorem,
803 671 890 718 sed
933 670 1065 718 sicut
1111 672 1344 719 fecerunt
1393 670 1573 719 Iudaei
1620 670 1827 734 quando
1881 686 2087 718 corona-

419 754 458 784 65
492 743 677 785 verunt
714 737 979 785 Christum
1016 743 1068 784 et
1103 737 1380 785 flectebant
1413 741 1602 802 genua)
1641 743 1693 785 et
1728 736 1892 785 dixit:
1930 744 1959 762 ‘⁶
1980 737 2087 784 Do-

492 803 629 851 mine
661 804 856 859 doctor,
883 821 1000 852 cum
1035 805 1437 868 supportatione,
1463 806 1610 852 Deus
1643 804 1911 851 benedicat
1944 802 2088 850 vobis

492 871 778 919 balneum.”
869 872 1017 919 Tunc
1059 871 1164 935 ipse
1205 871 1367 920 dixit:
1407 872 1573 919 “Deo
1614 871 1816 935 gratias,
1859 871 2088 918 Domine

494 937 864 993 Baccalaurie,”
890 944 943 985 et
968 954 1071 984 non
1096 937 1227 985 dixit
1252 938 1470 1003 amplius
1494 945 1546 986 et
1572 938 1762 986 abivit:
1800 955 1932 985 unus
1957 937 2089 984 dixit

493 1005 633 1061 mihi,
669 1005 808 1068 quod
850 1004 985 1052 oculi
1027 1005 1133 1052 eius
1181 1011 1434 1053 steterunt
1478 1006 1570 1053 sibi
1606 1005 1816 1070 plenum
1853 1021 1999 1068 aqua,
2037 1009 2090 1052 et

422 1089 460 1121 70
495 1071 707 1119 credidit
743 1072 881 1135 quod
911 1071 1131 1136 ploravit
1166 1079 1358 1135 postea.
1431 1072 1506 1120 Et
1541 1072 1748 1137 quando
1785 1088 1881 1136 ego
1917 1071 2089 1119 audivi

492 1139 619 1186 tales
655 1138 966 1194 vexationes,
990 1145 1117 1186 tunc
1154 1139 1319 1186 doluit
1354 1139 1479 1187 mihi
1515 1140 1567 1187 in
1602 1146 1795 1195 ventre,
1830 1145 1882 1187 et
1918 1138 1958 1186 si
1994 1155 2090 1203 ego

494 1205 751 1253 scivissem
776 1205 890 1269 quis
914 1205 999 1254 ille
1028 1205 1249 1253 leccator
1273 1206 1469 1262 fuisset,
1495 1224 1590 1271 ego
1622 1206 1982 1272 percussissem
2007 1222 2090 1253 me

496 1289 613 1320 cum
646 1289 722 1327 eo,
748 1279 801 1320 et
834 1272 873 1319 si
907 1272 1153 1321 deberent
1179 1273 1302 1321 mihi
1329 1280 1483 1337 caput
1509 1291 1627 1322 cum
1654 1291 1756 1321 una
1780 1274 1882 1321 dila
1907 1273 2090 1321 abinde

493 1340 714 1388 trusisse.
790 1340 891 1387 Sed
927 1339 1033 1404 ipse
1066 1340 1221 1388 habet
1257 1340 1424 1388 adhuc
1453 1357 1618 1388 unum
1654 1341 1980 1405 discipulum,
2007 1340 2091 1388 ille

422 1421 460 1452 75
494 1414 572 1455 est
606 1406 731 1454 mihi
766 1424 898 1454 unus
923 1407 1106 1454 doctus
1143 1407 1234 1463 vir,
1270 1414 1322 1455 et
1361 1408 1507 1472 quasi
1547 1408 1660 1472 plus
1697 1425 1854 1472 quam
1893 1408 2092 1463 doctus,

495 1481 548 1522 et
576 1474 733 1521 etiam
768 1474 912 1537 quasi
947 1473 1061 1538 plus
1098 1474 1280 1522 doctus
1315 1492 1471 1538 quam
1503 1492 1623 1523 suus
1659 1481 1973 1540 praeceptor,
1997 1473 2094 1522 nisi

495 1542 634 1605 quod
659 1540 766 1604 ipse
801 1548 877 1588 est
914 1541 1131 1606 simplex
1158 1541 1513 1590 baccalaureus
1550 1542 1601 1590 in
1638 1543 1823 1590 biblia:
1860 1542 1968 1607 ipse
1991 1543 2094 1590 iam

495 1608 742 1672 pauculis,
786 1609 945 1655 immo
981 1609 1296 1673 paucissimis
1337 1610 1655 1673 temporibus
1691 1610 1976 1675 praeteritis
2018 1610 2091 1656 in-

495 1675 701 1724 timavit
752 1675 880 1722 bene
932 1675 1116 1740 viginti
1167 1676 1490 1739 quaestiones
1548 1683 1602 1724 et
1659 1677 1985 1743 sophismata,
2042 1683 2095 1725 et

424 1757 462 1788 80
497 1759 695 1806 semper
720 1749 896 1790 contra
927 1744 1211 1799 modernos,
1238 1743 1480 1792 videlicet
1508 1744 1575 1792 U.
1608 1744 1732 1793 deus
1765 1745 1830 1792 sit
1866 1745 1917 1792 in
1954 1760 2095 1808 prae-

497 1809 804 1866 dicamento,
831 1810 897 1857 U,
934 1811 1152 1858 essentia
1182 1816 1236 1858 et
1267 1811 1540 1858 existentia
1570 1811 1672 1859 sint
1705 1812 1994 1868 distinctae,
2024 1811 2091 1858 U.

497 1877 791 1925 rollationes
815 1894 844 1923 a
869 1894 960 1925 suo
980 1878 1321 1926 fundamento
1342 1878 1443 1925 sint
1461 1878 1734 1927 distinctae
1754 1886 1808 1927 et
1826 1879 1893 1926 U.
1917 1879 2095 1927 decem

498 1944 907 2008 praedicamenta
948 1945 1050 1992 sint
1091 1944 1292 1993 realiter
1332 1945 1587 1993 distincta.
1676 1946 1789 1994 Hui
1827 1953 1957 2009 quot
1997 1962 2095 1993 res-

499 2011 813 2076 pondentes!
851 2028 946 2075 ego
977 2028 1079 2059 non
1110 2012 1213 2059 vidi
1243 2013 1294 2060 in
1320 2012 1425 2060 vita
1454 2030 1570 2060 mea
1592 2013 1708 2077 plus
1732 2014 2097 2077 respondentes

426 2098 465 2128 85
500 2079 552 2126 in
578 2078 802 2134 lectorio,
830 2085 881 2125 et
914 2079 1019 2143 ipse
1045 2079 1201 2126 etiam
1227 2079 1457 2128 defendit
1483 2097 1572 2127 sua
1605 2080 1743 2128 dicta
1771 2088 1823 2128 et
1852 2079 2097 2145 imposuit

501 2146 761 2201 honorem,
788 2145 908 2208 quia
940 2163 1072 2193 unus
1099 2146 1316 2210 simplex
1342 2148 1586 2212 magister
1611 2147 1821 2195 haberet
1851 2164 1968 2195 cum
1993 2163 2097 2194 uno

502 2211 892 2260 sufficientiam:
931 2229 1025 2277 ego
1062 2214 1242 2261 miravi
1279 2231 1433 2278 quare
1470 2215 1716 2263 Decanus
1753 2215 1971 2271 admisit,
2003 2230 2099 2279 ego

502 2280 652 2328 credo
693 2280 831 2342 quod
867 2279 967 2327 fuit
1003 2280 1210 2328 insanus
1245 2288 1453 2345 propter
1488 2282 1830 2339 Caniculares,
1867 2283 1986 2346 quia
2022 2288 2100 2329 est

503 2353 680 2395 contra
704 2352 911 2394 statuta.
983 2347 1057 2394 Et
1082 2349 1289 2410 quando
1314 2348 1596 2412 disputatio
1620 2349 1737 2406 fuit,
1763 2366 1826 2397 ex
1850 2356 1977 2397 tunc
2003 2365 2099 2413 ego

430 2438 466 2467 90
502 2414 554 2462 in
592 2414 797 2461 laudem
833 2413 988 2477 ipsius
1024 2414 1324 2462 metrificavi
1363 2415 1447 2463 illa
1486 2417 1709 2464 carmina
1751 2433 1813 2464 ex
1849 2423 2097 2480 tempore,

502 2480 623 2545 quia
647 2498 742 2545 ego
768 2498 858 2545 pro
883 2487 1027 2544 parte
1052 2497 1167 2528 sum
1193 2482 1515 2530 humanista:

935 2592 1015 2628 Hic
1035 2596 1098 2628 est
1120 2605 1218 2628 unus
1239 2593 1381 2630 doctus
1402 2596 1602 2643 magister,

934 2645 1013 2691 Qui
1034 2648 1237 2682 intimavit
1258 2646 1317 2682 bis
1338 2647 1401 2683 vel
1421 2653 1496 2693 ter,

937 2699 1000 2735 An
1023 2712 1109 2735 esse
1131 2702 1329 2736 essentiae

432 2761 469 2791 95
939 2753 1223 2802 Distinguatur
1240 2754 1290 2789 ab
1311 2766 1398 2790 esse
1419 2757 1659 2791 existentiae
1679 2769 1686 2801 ;

553 2868 581 2886 ⁷³
606 2871 686 2903 dila.
741 2870 815 2903 Not
832 2869 1029 2904 elsewhere
1049 2868 1173 2903 found.
1340 2871 1551 2914 Categories
1569 2882 1577 2912 ;
1603 2873 1702 2908 οὐσία,
1721 2873 1832 2911 ποσὸν,
1854 2873 1953 2909 ποῖον,
1972 2873 2046 2911 πρὸς
2059 2885 2099 2911 τι,

554 2914 582 2933 ‘³²
607 2918 829 2950 rollationes:
853 2928 873 2950 a
898 2915 1095 2961 burlesque
1115 2915 1211 2949 word
1233 2916 1274 2948 of
1340 2919 1451 2955 ποιεῖν,
1472 2920 1621 2957 πάσχειν,
1640 2920 1711 2953 ποῦ,
1735 2920 1823 2955 πότε,
1850 2920 1984 2952 κεῖσθαι,
2004 2919 2098 2955 ἔχειν.

508 2964 701 2996 uncertain
715 2964 845 3007 origin.
885 2963 939 2997 (tf.
956 2963 1135 3003 Rabelais‚
1152 2964 1268 3005 Pani„
1386 2960 1413 2978 ⁸⁹
1439 2966 1525 2997 emet.
1554 2966 1633 2995 stat.
1649 2974 1661 2995 .·
1696 2962 1927 2995 “Lectiones
1955 2959 2100 3004 aliquae

508 3010 543 3042 ii.
591 3010 625 3052 7,
669 3010 688 3026 ‘⁶
703 3010 1037 3044 Tarraballationes
1079 3010 1268 3043 doctorum
1339 3019 1404 3052 pro
1422 3009 1538 3053 gradu
1558 3009 1595 3041 i11
1614 3008 1883 3042 canicularibus
1896 3009 1941 3041 ad
1955 3012 2100 3052 tempus

508 3055 781 3090 Coloniensium
800 3057 973 3091 adversus
993 3055 1209 3090 Reuchlin.''
1339 3055 1475 3088 debent
1524 3056 1732 3099 suspe11di.⁷'
1808 3055 1988 3096 Zarncke,
2036 3056 2101 3088 Die

555 3101 582 3120 ⁸²³
605 3105 758 3145 praedic.
773 3116 784 3137 .·
824 3104 888 3137 the
927 3108 990 3138 ten
1029 3102 1270 3137 Aristotelian
1338 3103 1624 3136 ›statutenbncher
1642 3105 1702 3137 der
1725 3104 1826 3136 Um'v.
1844 3104 1943 3145 Lpz„
1959 3113 1992 3147 p.
2016 3101 2096 3135 446.

1258 3163 1351 3204 116
