2247 3637
383 305 854 362 EPISTOLAE
918 303 1510 362 OBSCURORUM
1563 301 1975 358 VIRORUM

381 413 627 478 prohibeo
668 412 812 460 vobis
853 419 905 461 et
944 412 1152 460 coniuro
1194 429 1283 460 vos
1326 427 1414 476 per
1456 410 1703 458 virtutem
1745 408 1978 457 omnium

384 479 712 529 scientiarum
747 479 1117 544 prohibitarum
1146 480 1285 542 quod
1309 477 1569 526 neminem
1593 476 1832 524 doceatis.
1906 474 1980 523 Et

385 548 453 596 sic
482 547 663 595 Valete
698 563 761 595 ex
788 546 1192 611 Ruprechtsow:
1230 546 1281 593 in
1307 545 1446 593 brevi
1471 544 1617 609 plura
1642 542 1980 608 expectabitis

385 633 414 663 a
438 631 521 663 me
546 621 599 662 et
621 615 812 662 maiora
837 614 876 661 si
900 614 985 661 illa
1009 613 1293 677 placuerint
1318 612 1474 660 vobis.

1095 886 1284 933 LXVI

390 1023 453 1071 ΕΙ
479 1022 597 1068 MA
610 1020 908 1069 GISTER
927 1020 1288 1067 ABRAAM
1301 1019 1543 1067 ISAAC
1558 1018 1674 1065 DE
1692 1017 1988 1065 STIRPE

698 1087 1151 1135 AMINADAB
1176 1088 1254 1135 M.
1288 1088 1431 1134 Ortv.
1464 1086 1594 1133 Gra.
1624 1085 1675 1133 S.

543 1220 881 1269 ALARUM
921 1220 1272 1284 bonarumque
1304 1220 1493 1267 artium
1526 1219 1769 1267 altissime
1802 1218 1984 1282 magis-

575 1294 681 1336 ter:
726 1287 851 1334 sciat
893 1286 1177 1334 dominatio
1213 1294 1379 1335 vestra
1416 1287 1555 1350 quod
1593 1303 1688 1351 ego
1724 1285 1841 1333 volo
1883 1285 1985 1334 iam

338 1380 357 1409 5
392 1354 679 1404 satisfacere
715 1353 974 1418 promissis
1010 1354 1151 1410 meis,
1177 1353 1298 1417 quia
1332 1354 1540 1418 promisi
1576 1370 1727 1418 super
1762 1359 1986 1401 vestram

391 1422 696 1488 petitionem
737 1421 944 1485 quando
986 1439 1014 1468 a
1055 1421 1198 1468 vobis
1240 1422 1419 1469 recessi
1467 1438 1529 1468 ex
1573 1420 1803 1476 Colonia,
1845 1420 1986 1483 quod

392 1490 511 1537 volo
535 1488 679 1536 vobis
705 1488 947 1536 continue
984 1488 1238 1536 novitates
1268 1488 1495 1536 scribere.
1569 1488 1642 1535 Et
1671 1493 1791 1535 ante
1816 1486 1988 1534 omnia

392 1557 611 1604 libenter
635 1555 886 1603 haberetis
922 1555 1063 1618 quod
1088 1555 1404 1603 notificarem
1430 1554 1572 1603 vobis
1608 1555 1671 1602 de
1705 1554 1790 1602 ille
1814 1560 1988 1602 astuto

394 1623 585 1671 Iurista
617 1623 811 1670 Ioanne
840 1622 1114 1678 Reuchlin‚
1140 1638 1260 1670 cum
1291 1639 1394 1686 quo
1421 1623 1494 1670 M.
1523 1628 1694 1670 noster
1730 1621 1896 1669 Iacob.
1925 1621 1988 1668 de

321 1713 360 1742 10
395 1690 684 1738 Hochstrat
700 1689 926 1737 multum
946 1689 1102 1737 habet
1122 1689 1173 1736 in
1190 1690 1346 1737 Curia
1369 1696 1577 1754 propter
1592 1689 1748 1736 fidem
1763 1694 1985 1737 tractan-

395 1759 534 1806 dum.
588 1757 708 1804 Hoc
728 1773 823 1820 ego
844 1756 960 1804 volo
976 1757 1140 1805 facere
1160 1773 1221 1805 ex
1243 1757 1484 1821 singulari
1500 1756 1787 1804 dilectione.
1838 1756 1988 1803 Tunc

396 1824 564 1873 sciatis
601 1824 765 1888 primo
798 1823 937 1887 (quia
972 1840 1068 1887 ego
1104 1824 1167 1870 ab
1203 1823 1396 1887 origine
1432 1824 1612 1872 mundi
1638 1823 1780 1870 vobis
1816 1823 1989 1870 omnia

397 1892 655 1956 pandam).
726 1891 951 1946 Quando
976 1907 1072 1955 ego
1097 1890 1275 1938 recessi
1312 1890 1363 1938 in
1399 1891 1576 1939 diebus
1604 1889 1989 1938 Canicularibus

396 1974 570 2007 versus
614 1958 853 2013 Romam,
894 1964 953 2005 ut
993 1958 1121 2006 bene
1168 1957 1320 2013 scitis,
1354 1964 1480 2005 tunc
1518 1957 1713 2005 nullam
1743 1956 1987 2004 maiorem

324 2044 362 2074 15
397 2025 683 2090 passionem
709 2024 864 2072 habui
902 2041 1052 2089 super
1086 2030 1253 2073 totam
1279 2024 1430 2081 viam,
1457 2025 1552 2072 nisi
1588 2024 1726 2088 quod
1762 2023 1988 2071 maxime

398 2092 560 2140 sitivit
585 2108 684 2147 me,
711 2092 798 2147 Qfi
825 2091 1027 2139 ascendi
1051 2092 1181 2140 altos
1205 2098 1407 2139 montes
1432 2092 1484 2139 in
1503 2091 1696 2156 Algoia
1720 2107 1838 2138 cum
1864 2089 1990 2137 meis

399 2159 559 2207 sociis.
632 2159 706 2206 Et
741 2159 947 2221 quando
972 2159 1088 2207 veni
1124 2159 1188 2206 ad
1226 2159 1450 2215 Curiam,
1475 2160 1643 2207 factus
1672 2175 1787 2206 sum
1818 2173 1989 2206 servus

400 2225 670 2290 corporalis
706 2224 856 2272 unius
894 2225 1175 2273 Cardinalis
1215 2243 1372 2290 prope
1409 2226 1666 2290 Campum
1702 2225 1883 2272 florae:
1939 2229 1991 2271 et

398 2294 472 2341 fui
510 2293 721 2341 servitor
759 2308 878 2339 suus
903 2299 1021 2340 octo
1056 2292 1313 2340 mensibus
1351 2309 1468 2340 cum
1505 2309 1692 2357 magna
1727 2291 1993 2356 diligentia

327 2376 365 2405 20
400 2377 491 2425 pro
520 2375 623 2407 uno
654 2358 899 2407 beneficio
934 2366 1109 2407 curato
1133 2361 1186 2408 in
1221 2360 1674 2416 Kelbertzhausen‚
1699 2359 1838 2423 quod
1863 2358 1993 2406 iacet

400 2428 452 2475 in
503 2426 924 2490 Vollenbergensi
971 2426 1171 2475 diocesi.
1262 2427 1335 2474 Et
1382 2427 1652 2491 impetravi
1701 2443 1851 2490 super
1897 2425 1993 2473 hoc

402 2510 558 2542 unam
584 2493 777 2542 bullam
815 2509 932 2540 cum
965 2493 1235 2542 duodecim
1263 2494 1437 2558 sigillis
1462 2494 1526 2542 de
1551 2493 1788 2541 omnibus
1816 2492 1994 2539 Cardi—

403 2561 614 2609 nalibus.
702 2559 775 2607 Et
814 2559 1160 2607 sanctissimus
1202 2568 1375 2609 noster
1412 2560 1534 2609 fecit
1577 2577 1727 2608 suum
1770 2558 1993 2623 sigillum

403 2629 560 2676 etiam
595 2633 732 2682 ante,
757 2626 821 2674 ad
853 2626 1099 2674 maiorem
1135 2628 1401 2675 cautelam.
1475 2628 1622 2675 Tunc
1649 2643 1767 2675 cum
1800 2625 1995 2673 laetitia

331 2715 368 2743 25
404 2695 537 2743 exivi
585 2701 638 2742 et
686 2692 824 2741 volui
871 2694 1244 2757 possessionem
1286 2694 1526 2758 accipere,
1568 2700 1694 2741 tunc
1737 2693 1820 2741 ille
1860 2693 1995 2756 prior

404 2763 652 2827 plebanus
677 2777 780 2808 non
806 2766 883 2808 est
909 2767 1171 2808 mortuus:
1204 2767 1329 2808 tunc
1354 2777 1450 2824 ego
1475 2761 1525 2808 in
1551 2777 1737 2824 magna
1761 2761 1833 2807 ira
1857 2759 1993 2806 dixi:

407 2828 761 2876 “Percutiant
807 2826 946 2875 mille
993 2826 1178 2874 diaboli
1226 2828 1289 2874 ad
1337 2827 1460 2875 hoc:
1520 2828 1682 2876 debeo
1725 2827 1994 2891 pecuniam

406 2912 576 2944 meam
605 2894 674 2942 sic
707 2894 990 2959 perdere?’'
1063 2893 1241 2942 Etiam
1276 2894 1375 2942 fuit
1410 2911 1626 2958 parvum
1655 2894 1994 2942 beneficium:

408 2963 446 3011 si
494 2962 545 3009 in
596 2961 750 3009 Curia
796 2961 1068 3017 scivissem,
1118 2977 1213 3025 ego
1255 2977 1357 3008 non
1398 2961 1666 3009 exivissem
1714 2967 1992 3026 propterea.

549 3070 576 3090 ⁴⁸
599 3074 779 3115 Ruprecht.
793 3084 805 3107 .·
830 3072 1099 3118 Ruprecffisau,
1118 3083 1206 3106 near
1224 3072 1433 3117 strasburg.

550 3117 577 3137 1⁶
596 3123 622 3152 A
631 3121 741 3163 lycia:
766 3120 830 3154 the
848 3119 1010 3164 Algauer
1027 3118 1129 3164 Alps,
1143 3119 1261 3152 round
1281 3119 1345 3153 the
1363 3120 1446 3155 base
1464 3120 1505 3153 of
1518 3120 1582 3155 the
1602 3120 1690 3155 Iller
1706 3120 1821 3154 basin.

551 3163 579 3184 ²⁰
598 3168 691 3200 Kclb.
711 3168 748 3199 in
774 3168 855 3201 Voll.
906 3166 959 3200 Of
972 3177 1115 3209 course,
1135 3165 1310 3200 fictitious
1328 3178 1462 3201 names.

1171 3226 1267 3274 274⁴
