2247 3637
376 474 414 504 10

378 862 415 892 15

377 1196 415 1225 20

378 1527 415 1556 25

377 1863 416 1894 30

378 2253 416 2283 35

381 2597 419 2626 40

383 2929 421 2958 45

451 278 923 334 EPISTULAE
983 278 1576 335 OBSCURORUM
1632 277 2043 334 VIRORUM

449 386 494 434 ei
516 394 542 412 ‘⁶
562 386 608 433 O
636 386 719 434 ille
747 387 970 434 Iodocus
995 403 1086 450 pro
1111 403 1249 435 nunc
1273 394 1351 435 est
1369 388 1421 435 in
1440 386 1603 450 patria
1627 393 1680 434 et
1703 386 1859 434 habet
1883 386 2043 434 bonos

450 453 557 501 dies
592 459 644 500 et
680 470 784 501 non
810 459 953 501 curat
978 469 1070 518 pro
1096 454 1222 502 me.”
1292 453 1410 519 Ego
1442 454 1725 517 respondeo
1750 453 1890 516 quod
1916 452 2044 500 nihil

450 526 539 568 est.
614 520 752 576 Quia
775 536 878 568 non
904 537 1018 568 sum
1044 520 1107 567 de
1132 520 1336 577 talibus,
1363 527 1415 569 et
1439 521 1606 567 adhuc
1631 520 1759 567 bene
1785 519 1887 567 scio
1919 535 2045 583 quo—

449 587 605 635 modo
630 604 828 652 semper
852 587 1168 635 Daventriae
1193 587 1459 652 scripsistis
1484 588 1547 634 ad
1572 587 1821 651 parietem
1843 604 1853 635 :

684 687 764 733 Qui
786 686 922 736 procul
945 691 1006 723 est
1026 687 1163 732 oculis,
1210 688 1348 737 procul
1369 692 1430 724 est
1450 700 1472 722 a
1492 686 1621 723 cordis
1642 686 1807 723 lumine.

452 774 528 822 Et
551 790 640 837 per
662 774 833 828 deum,
860 774 966 821 heri
990 775 1197 836 quando
1221 774 1413 822 fuimus
1439 774 1490 820 in
1518 774 1659 821 Cena
1688 779 1740 821 et
1772 772 2044 821 habuimus

451 841 514 888 de
546 840 642 888 illis
666 841 887 905 piscibus
912 840 975 887 de
1000 841 1163 904 patria
1187 858 1301 889 mea
1324 841 1412 904 qui
1439 847 1689 888 vocantur
1713 840 1898 896 Amae,
1925 838 2046 903 quia

451 913 596 972 pater
621 924 766 955 meus
789 907 1016 972 portavit
1039 907 1179 964 mihi,
1204 914 1331 956 tunc
1360 908 1534 972 optavi
1560 925 1650 955 vos
1687 913 1739 955 et
1775 907 1909 954 dixi:
1949 915 1976 933 ‘⁶
1997 907 2043 953 O

452 974 492 1022 si
531 975 604 1021 M.
646 975 895 1021 Ortvinus
932 974 1140 1022 deberet
1175 991 1282 1023 esse
1317 991 1552 1039 praesens
1589 981 1641 1022 et
1678 975 1943 1022 comedere
1984 973 2047 1020 de

450 1040 640 1089 talibus
681 1041 919 1106 piscibus,
958 1048 1084 1089 tunc
1122 1058 1206 1089 cor
1242 1043 1451 1089 deberet
1485 1041 1610 1089 mihi
1648 1041 1870 1089 laetari.”
1942 1040 2047 1088 Re-

453 1108 659 1172 spondit
679 1115 822 1172 pater
847 1125 991 1156 meus
1018 1117 1046 1135 “
1064 1109 1197 1165 Quis
1216 1116 1293 1157 est
1312 1109 1406 1156 iste
1433 1109 1680 1156 Ortvinus
1700 1111 1716 1156 3
1737 1109 1761 1125 '’
1787 1114 1913 1155 tunc
1939 1107 2046 1155 dixi

453 1176 497 1222 ei
533 1175 672 1238 quod
709 1175 829 1223 estis
866 1175 1029 1223 socius
1066 1193 1211 1223 meus
1247 1176 1505 1239 antiquus,
1544 1183 1596 1223 et
1630 1175 1799 1223 fuistis
1840 1191 2046 1222 mecum

452 1242 784 1297 Daventriae,
812 1249 864 1290 et
888 1243 1095 1306 quando
1121 1260 1216 1308 ego
1240 1243 1314 1290 fui
1352 1260 1526 1291 secum
1563 1242 1719 1298 domi,
1751 1243 1853 1289 Vos
1878 1241 2046 1289 fuistis

451 1308 748 1374 primariusg
786 1316 838 1357 et
875 1317 1051 1374 postea
1087 1310 1139 1357 in
1177 1310 1509 1358 universitate
1549 1309 1843 1358 Coloniensi
1879 1308 2047 1356 fuistis

452 1376 712 1440 depositor
757 1393 917 1431 meus,
966 1378 1171 1441 quando
1218 1377 1429 1442 deposui
1489 1377 1743 1432 beanium,
1792 1376 1912 1440 quia
1958 1392 2047 1423 vos

452 1443 660 1490 venistis
697 1461 860 1491 unum
896 1461 1091 1491 annum
1128 1450 1245 1491 ante
1275 1462 1358 1492 me
1388 1445 1451 1491 ad
1478 1444 1761 1499 Coloniam,
1789 1450 1840 1492 et
1869 1449 2048 1508 postea

451 1511 582 1558 steti
607 1510 873 1558 vobiscum
911 1528 1071 1574 usque
1109 1511 1172 1558 ad
1209 1512 1426 1575 gradum
1469 1511 1884 1559 baculaureatus:
1920 1516 2047 1557 tunc

452 1594 542 1625 vos
566 1578 830 1641 accepistis
856 1578 1223 1642 magisterium.
1287 1578 1387 1626 Sed
1412 1596 1507 1643 ego
1532 1585 1798 1642 promotus
1823 1577 1877 1625 in
1896 1578 2046 1625 bacu-

450 1644 634 1692 larium
671 1645 734 1692 de
768 1646 933 1709 gratia
969 1646 1050 1692 dei
1087 1645 1266 1693 recessi
1303 1646 1366 1692 ad
1403 1645 1789 1693 universitatem
1818 1646 2048 1692 Witten-

450 1728 753 1777 pergensem
773 1729 782 1760 :
819 1718 944 1760 tunc
964 1712 1039 1759 fui
1055 1713 1335 1776 scholirega
1352 1713 1589 1761 hincinde
1609 1730 1618 1760 :
1656 1720 1708 1761 et
1730 1713 1798 1759 sic
1818 1729 1923 1759 non
1942 1711 2047 1759 vidi

452 1795 556 1826 vos.
629 1778 704 1826 Et
740 1779 846 1826 dixi
877 1780 920 1827 ei
949 1779 1115 1826 multa
1147 1780 1210 1826 de
1235 1779 1393 1827 vobis.
1466 1780 1541 1827 Et
1573 1780 1680 1827 dixi
1705 1780 1750 1827 ei
1786 1779 2048 1843 quomodo

453 1845 610 1894 semel
628 1845 725 1893 feci
742 1863 831 1893 vos
856 1847 1017 1894 ridere
1036 1846 1242 1909 quando
1259 1846 1477 1911 allegavi
1493 1847 1637 1893 vobis
1656 1847 1782 1894 illud
1800 1852 2045 1894 metrum:

658 1947 761 1983 Veni
783 1947 982 1996 Spandaw
1003 1960 1168 1997 aggere,
1227 1952 1324 1984 tunc
1345 1951 1610 1997 inspexerunt
1631 1961 1694 1984 me
1716 1948 1855 1985 Amae.

452 2033 525 2081 Et
551 2034 655 2081 dixi
673 2034 817 2081 vobis
842 2034 1103 2097 quomodo
1124 2034 1281 2081 Beani
1300 2035 1352 2081 in
1374 2035 1629 2098 Spandaw
1649 2041 2048 2099 composuerunt

451 2101 555 2148 tale
590 2107 815 2148 metrum
848 2102 912 2148 de
935 2101 1201 2149 teutonico
1226 2102 1278 2148 in
1302 2101 1538 2158 latinum,
1565 2102 1685 2165 quia
1722 2102 2047 2149 teutonicum

454 2168 523 2215 sic
549 2174 696 2216 sonat
716 2186 725 2215 ε

804 2234 875 2271 Ick
897 2235 990 2270 kam
1010 2247 1119 2284 genn
1141 2234 1339 2283 Spandaw
1359 2249 1440 2285 opp
1462 2236 1542 2273 den
1562 2236 1666 2283 dani,

810 2289 891 2324 Dar
911 2301 1037 2338 segen
1058 2289 1165 2325 mick
1187 2289 1238 2325 de
1260 2290 1447 2340 plotzgen
1468 2303 1559 2327 ann.

454 2375 527 2422 Et
563 2392 653 2439 pro
689 2381 814 2422 tunc
851 2374 1048 2422 dixistis
1086 2376 1210 2423 mihi
1247 2377 1386 2439 quod
1423 2377 1561 2441 prius
1600 2377 1880 2425 nescivistis
1910 2377 2049 2440 quod

455 2442 538 2490 ille
579 2441 743 2506 piscis,
782 2441 972 2488 scilicet
1008 2441 1267 2505 plotzken‚
1306 2444 1463 2491 latine
1503 2451 1716 2491 vocatur
1754 2445 1952 2492 Amae:
1995 2451 2048 2491 et

456 2508 671 2573 allegavi
706 2509 808 2556 tale
846 2516 1071 2556 metrum
1110 2515 1161 2556 et
1200 2526 1290 2557 vos
1332 2511 1508 2558 risistis
1548 2511 1744 2565 intime,
1784 2517 1835 2557 et
1875 2527 2047 2559 conse-

454 2582 671 2641 quenter
695 2575 799 2623 dixi
825 2576 967 2622 vobis
992 2575 1209 2638 qualiter
1233 2577 1316 2624 ille
1341 2578 1489 2642 piscis
1514 2584 1591 2625 est
1617 2577 1668 2623 in
1693 2594 1879 2640 magna
1905 2577 2049 2641 copia

455 2643 592 2708 apud
627 2659 749 2692 nos:
786 2648 838 2690 et
876 2659 1006 2689 unus
1043 2643 1131 2706 qui
1168 2650 1245 2691 est
1284 2644 1356 2691 ita
1392 2644 1574 2708 longus
1614 2645 1746 2692 sicut
1784 2644 2048 2692 brachium

456 2727 646 2766 meum,
689 2710 775 2757 vix
824 2709 976 2757 solvit
1016 2726 1179 2756 unum
1217 2728 1466 2774 grossum.
1554 2711 1628 2758 Et
1668 2710 1895 2758 dixistis:
1953 2712 2046 2758 “O

456 2778 596 2833 deus,
623 2777 662 2824 si
699 2792 921 2825 essemus
949 2775 1090 2823 ibi!⁷’
1130 2783 1183 2824 et
1218 2794 1338 2841 ergo
1371 2777 1477 2825 heri
1509 2779 1682 2841 optavi
1708 2778 1847 2841 quod
1873 2778 2048 2826 essetis

456 2861 673 2891 mecum.
749 2843 901 2890 Dixit
937 2849 1109 2890 autem
1143 2850 1288 2907 pater
1312 2861 1455 2891 meus
1482 2852 1509 2870 ‘⁶
1529 2844 1704 2892 Credis
1729 2846 1866 2907 quod
1892 2845 2048 2892 etiam

456 2928 560 2958 non
596 2911 750 2958 habet
786 2910 947 2974 pisces
974 2909 1216 2957 Coloniae
1236 2912 1293 2958 2⁹³
1362 2911 1490 2958 Dixi
1524 2912 1570 2958 ei
1602 2912 1863 2974 quomodo
1887 2912 2048 2976 pisces

505 3008 530 3026 ¹⁵
550 3012 668 3043 Amne.
720 3008 840 3042 There
858 3020 973 3042 seems
989 3012 1026 3041 to
1041 3007 1084 3040 be
1099 3009 1219 3041 inten-
1285 3012 1415 3053 tunny.
1458 3009 1594 3052 (Amin,
1617 3009 1737 3051 Linn„
1756 3010 1785 3042 is
1802 3020 1822 3042 a
1841 3008 1885 3041 N.
1906 3009 2050 3043 Ameri-

456 3055 571 3089 tional
590 3056 847 3099 mystification
869 3055 953 3088 with
975 3055 1161 3088 reference
1181 3059 1220 3087 to
1285 3066 1352 3088 can
1369 3056 1532 3099 ganoid.)
1585 3057 1658 3090 But
1677 3068 1728 3090 we
1744 3067 1807 3089 are
1830 3055 1908 3089 told
1934 3055 2049 3090 below

457 3102 521 3135 the
539 3102 605 3135 fish
626 3102 836 3136 mentioned
855 3102 954 3135 here.
1003 3102 1082 3135 The
1099 3101 1221 3135 classi·
1287 3102 1369 3135 that
1389 3114 1488 3137 (imae
1506 3115 1630 3137 means
1644 3105 1821 3145 plntdzrlsen,
1841 3105 1893 3137 i.e.
1914 3103 2034 3136 roach.

458 3148 513 3182 cal
547 3151 641 3182 amia
674 3149 787 3193 (ἀμία)
818 3161 888 3181 was
921 3161 942 3181 a
969 3148 1130 3190 sea-lish,
1157 3148 1220 3182 the
1334 3147 1360 3166 ²³
1377 3152 1487 3192 depos.
1538 3150 1605 3184 See
1625 3151 1647 3184 i.
1665 3152 1723 3193 39,
1744 3161 1777 3182 η.

1219 3209 1311 3251 180
