2247 3637
512 268 954 326 IOHANNES
1009 268 1436 325 OOOLEARI
1449 269 1815 325 LIGNEUS

268 379 436 427 facere
470 396 649 443 graeca
685 378 926 426 Carmina
962 383 1014 424 et
1051 376 1285 440 promisit
1320 377 1578 424 Reuchlin
1615 378 1863 425 auxilium

270 462 436 501 suum,
464 453 515 494 et
541 446 654 493 vult
679 462 786 493 esse
821 444 954 492 inter
990 444 1163 491 socios,
1239 444 1377 490 Item
1415 443 1520 507 ipse
1557 444 1690 492 dixit
1724 446 1863 508 quod

269 513 466 561 audivit
491 513 630 577 quod
651 512 917 576 Philippus
945 510 1281 558 Melauehton
1307 516 1359 558 et
1387 510 1604 558 Iacobus
1623 511 1862 576 winphel-

268 580 418 642 ingus
443 587 495 628 et
522 581 712 628 Beatus
740 580 1021 626 Rhenanus
1054 584 1106 625 et
1140 577 1383 624 Nicolaus
1421 577 1708 625 Grebellius
1746 585 1866 626 sunt

270 648 426 695 etiam
463 647 604 695 tales.
689 647 763 693 Et
799 645 931 693 dixit.
966 644 1073 709 ipse
1108 644 1247 708 quod
1284 644 1559 692 seriberent
1595 645 1765 692 literas
1802 646 1865 692 ad

271 714 545 761 Ulriehum
577 714 880 760 Huttenum
910 714 998 776 qui
1028 713 1203 759 studet
1236 711 1514 767 Bononiae,
1541 712 1679 775 quod
1709 712 1865 759 etiam

270 780 426 828 debet
468 797 574 828 esse
616 796 747 827 unus
790 796 854 827 ex
896 780 979 827 eis.
1067 779 1153 827 De
1194 779 1301 827 aliis
1344 780 1565 841 [autem]
1608 779 1715 842 ipse
1761 795 1866 826 non

270 847 480 894 audivit.
567 848 715 894 Tune
757 846 982 910 quaesivi
1030 847 1093 893 ab
1141 846 1264 902 aliis,
1306 862 1370 892 an
1417 846 1573 893 etiam
1621 846 1867 893 Erasmus

271 915 651 962 Roterodamus
688 919 821 961 esset
858 930 976 960 eum
1012 913 1096 961 eis.
1169 913 1461 977 Respondit
1495 912 1620 960 mihi
1656 913 1866 977 quidam

270 981 634 1028 kauff’mannus
660 981 860 1028 dicens:
899 980 1193 1028 “Erasmus
1227 987 1304 1028 est
1334 980 1490 1027 homo
1523 997 1614 1045 pro
1645 997 1725 1028 se:
1766 980 1866 1028 Sed

271 1055 469 1096 eertum
500 1054 576 1096 est
605 1048 745 1111 quod
774 1063 1040 1110 nunquam
1077 1048 1173 1095 erit
1207 1047 1426 1095 Amicus
1463 1047 1666 1095 illorum
1703 1047 1868 1095 Theo-

269 1116 507 1180 logorum
533 1122 585 1163 et
608 1116 844 1170 fratrum,
870 1121 922 1162 et
947 1115 1086 1178 quod
1118 1114 1224 1178 ipse
1254 1114 1525 1163 manifeste
1557 1114 1609 1162 in
1637 1114 1786 1162 dictis
1815 1121 1868 1162 et

273 1183 470 1248 seriptis
508 1183 609 1231 suis
646 1182 878 1230 defendit
919 1188 972 1229 et
1013 1188 1222 1229 excusat
1267 1182 1549 1229 Iohannem
1594 1181 1866 1238 Reuehlin,

272 1250 429 1297 etiam
466 1250 686 1298 scribens
723 1250 787 1297 ad
824 1249 1054 1313 papam.''
1130 1247 1204 1295 Et
1245 1249 1308 1295 ab
1351 1249 1459 1295 aliis
1506 1249 1679 1297 audivi
1727 1249 1868 1313 quod

273 1318 466 1365 Paulus
503 1317 677 1365 Ritius
719 1323 796 1364 est
839 1317 995 1363 etiam
1037 1316 1100 1363 de
1141 1315 1236 1363 hoc
1278 1332 1502 1363 numero.
1579 1316 1654 1363 Et
1689 1317 1870 1364 dicunt

272 1385 483 1449 quidam
508 1385 648 1449 quod
683 1385 939 1432 Iohannes
969 1382 1313 1447 Cuspinianus
1346 1389 1398 1430 et
1430 1384 1701 1432 Cunradus
1739 1385 1868 1431 Beu-

271 1453 441 1517 tinger
488 1451 576 1515 qui
624 1458 744 1499 sunt
803 1451 854 1498 in
913 1467 1100 1514 magna
1157 1449 1320 1514 gratia
1380 1451 1726 1514 ImperatoriS‚
1775 1450 1870 1515 ipsi

273 1519 516 1583 copulant
554 1519 679 1566 istos
721 1518 881 1567 socios
923 1524 976 1565 et
1016 1517 1214 1565 faciunt
1256 1518 1428 1564 omnia
1476 1535 1606 1581 quae
1655 1524 1870 1582 possunt

273 1592 451 1634 contra
498 1587 790 1650 Theologos
840 1584 1167 1633 Colonienses
1220 1584 1272 1631 in
1323 1585 1570 1632 honorem
1628 1585 1870 1633 Iohannis

274 1654 546 1701 Reuchlin.
631 1654 705 1700 Et
751 1653 961 1718 quidam
1011 1652 1224 1699 studens
1271 1651 1610 1699 Erfordiensis
1658 1652 1745 1716 qui
1793 1659 1872 1700 est

274 1721 399 1768 mihi
418 1727 587 1776 notus,
607 1720 737 1768 dixit
763 1721 903 1794 quod
930 1720 1200 1768 Cunradus
1226 1719 1496 1766 Mutianus
1522 1725 1599 1767 est
1624 1720 1872 1784 pessimus

273 1789 506 1836 omnium
554 1788 759 1836 illorum
807 1787 895 1852 qui
943 1793 1063 1834 sunt
1110 1803 1202 1850 pro
1252 1786 1525 1843 Reuehlin,
1574 1793 1629 1833 et
1677 1793 1752 1834 est
1800 1787 1873 1834 ita

273 1855 508 1903 inimicus
534 1854 811 1919 Theologis
837 1854 976 1919 quod
1000 1871 1104 1902 non
1129 1860 1301 1918 potest
1327 1853 1502 1902 audire
1526 1854 1666 1918 quod
1690 1853 1873 1918 aliquis

272 1923 505 1970 nominat
531 1922 822 1987 Theologos
848 1921 1192 1969 Colonienses.
1267 1920 1340 1968 Et
1364 1921 1481 1969 talis
1507 1921 1717 1969 studens
1742 1921 1873 1969 dixit

273 1990 413 2052 quod
438 1989 566 2037 vidit
603 1991 732 2038 bene
766 1989 951 2053 viginti
987 1988 1248 2053 Epistolas
1283 1988 1432 2045 illius,
1458 1988 1511 2036 in
1547 1988 1732 2051 quibus
1768 1989 1874 2053 ipse

272 2063 421 2120 rogat
456 2058 707 2121 quosdam
743 2057 902 2104 socios
940 2056 1079 2121 quod
1109 2055 1291 2103 volunt
1327 2072 1434 2103 esse
1470 2055 1869 2104 Reuehlinistae.

270 281 325 320 11.
349 284 416 332 59]

274 2124 420 2172 Talia
444 2124 616 2172 audivi
641 2142 734 2188 pro
760 2141 913 2180 nune,
940 2123 1027 2172 sed
1052 2123 1259 2187 quando
1284 2122 1387 2171 scio
1417 2123 1577 2187 plura,
1603 2129 1730 2171 tunc
1756 2123 1873 2171 Volo
1909 2141 1926 2171 τ

273 2191 417 2240 vobis
460 2191 688 2240 scribere.
770 2192 953 2240 Valete
997 2191 1047 2238 in
1090 2189 1308 2238 Christo.
1396 2190 1601 2238 Datum
1645 2190 1871 2239 Franck-

271 2258 477 2307 fordlae.

270 2374 386 2404 wrote
405 2370 511 2404 Latin
529 2371 602 2404 and
621 2370 744 2404 Greek
762 2381 864 2404 verse
883 2369 1040 2415 fluently
1156 2367 1183 2386 ⁴⁶

273 2418 311 2450 in
337 2417 393 2451 his
419 2417 599 2462 boyhood.
649 2417 769 2452 There
786 2429 848 2451 are
866 2417 1040 2462 frequent

272 2464 480 2498 references
502 2469 541 2498 to
562 2465 619 2498 his
635 2464 982 2510 accomplishments
1000 2465 1038 2498 in

271 2511 336 2545 the
353 2511 484 2546 letters
510 2512 551 2546 of
572 2512 759 2554 Erasmus,
790 2512 862 2545 and
892 2512 939 2546 he
969 2523 1039 2545 was

271 2557 462 2593 laureated
492 2559 540 2604 by
570 2558 813 2592 Maximilian.
876 2558 935 2592 He
969 2570 1039 2592 was

273 2606 408 2640 author
427 2606 468 2639 of
488 2618 509 2639 a
526 2605 777 2651 biographical
794 2606 912 2648 work,
934 2607 1039 2639 Chro-

273 2655 432 2686 uieorum
469 2656 590 2686 mundi
624 2656 780 2696 epitome,
819 2653 931 2694 15343
965 2653 1038 2686 and

1209 2371 1335 2412 winph.
1351 2382 1363 2404 .·
1380 2370 1414 2404 ii.
1435 2371 1493 2413 55,
1513 2382 1547 2403 n.

1156 2415 1182 2433 ⁴⁷
1211 2419 1365 2451 Beatus:
1390 2418 1412 2452 i.
1433 2416 1490 2459 30,
1512 2429 1545 2450 n.

1154 2462 1180 2481 ⁴²⁷
1210 2466 1288 2498 [γ’γε.
1301 2476 1313 2498 .·
1330 2465 1388 2498 for
1408 2466 1553 2499 Gerbelli
1557 2476 1607 2499 118.

1154 2509 1183 2529 ⁵³
1208 2512 1319 2553 homo,
1363 2511 1452 2546 &oz
1503 2512 1608 2545 these
1648 2510 1716 2544 five
1757 2510 1875 2544 words

1108 2559 1222 2603 probe
1263 2558 1336 2592 E.'s
1377 2559 1568 2592 character
1600 2563 1639 2592 to
1673 2558 1736 2591 the
1777 2568 1872 2591 core.

1110 2607 1176 2640 See
1198 2607 1300 2639 Edin.
1320 2607 1413 2648 Rern,
1432 2605 1502 2640 vol.
1522 2605 1586 2638 liii.
1607 2605 1687 2643 202,
1709 2616 1741 2637 η.

1156 2651 1184 2670 ⁵⁸
1210 2654 1354 2686 Bitias:
1373 2654 1408 2686 ii.
1434 2651 1489 2695 12,
1510 2664 1543 2685 η.

275 2701 309 2732 (¹.
328 2701 368 2733 U.
388 2701 425 2731 V.
442 2702 645 2734 Poematum
662 2702 740 2733 libri
759 2702 920 2744 quinque,
939 2699 1038 2733 1522.

274 2745 349 2780 V.‘s
375 2745 440 2781 life
466 2758 567 2781 came
592 2746 782 2792 strangely
806 2751 846 2781 to
871 2759 918 2780 an
940 2747 1039 2788 end3

273 2793 320 2827 he
339 2805 409 2826 was
427 2794 578 2839 missing
594 2805 664 2828 one
681 2795 867 2838 morning,
882 2795 954 2828 and
969 2806 1040 2828 was

274 2852 386 2873 never
407 2851 493 2874 seen
513 2841 632 2886 again.
683 2842 795 2883 Eder,
817 2843 926 2875 fatal.
945 2843 1038 2875 Rect.

280 2889 418 2928 Viemn„
436 2899 469 2932 p.
490 2886 544 2921 74.

321 2932 348 2951 ¹¹⁶
374 2935 545 2967 Melanch.
596 2936 665 2975 δι’(τ,
685 2935 722 2967 in
742 2932 820 2979 [D].
870 2935 937 2969 See
955 2935 991 2968 ii.
1006 2933 1037 2969 9.

274 2980 310 3014 It
338 2992 409 3014 was
443 2992 489 3013 on
524 2980 735 3014 Reuchlin's
768 2981 1041 3015 recommenda-

272 3029 352 3061 tion
378 3027 460 3061 that
483 3027 533 3060 M.
559 3039 629 3061 was
654 3028 852 3072 appointed
880 3028 975 3063 Prof.
1003 3028 1046 3062 of

275 3074 397 3108 Greek
415 3078 453 3107 at
472 3074 721 3119 Wittenberg.

1159 2698 1187 2717 ⁵⁹
1215 2702 1318 2742 C'uSJ).
1332 2712 1343 2733 .·
1362 2700 1397 2733 ii.
1418 2702 1476 2741 30,
1498 2711 1530 2732 η.

1156 2745 1184 2765 ⁵⁹
1210 2748 1400 2790 Beutz'nqer
1412 2758 1424 2780 .·
1469 2746 1612 2779 Conrad
1656 2744 1874 2787 Peutinger,

1112 2793 1331 2835 1465-1547‚
1365 2794 1561 2837 antiquar-y
1593 2792 1666 2825 and
1707 2790 1875 2825 scholar:

1110 2842 1241 2874 citizen
1254 2840 1505 2885 ofAugsburg
1521 2839 1592 2871 and
1610 2838 1755 2882 Keeper
1773 2839 1814 2872 of
1827 2839 1874 2872 its

1110 2887 1288 2921 Archives
1303 2898 1311 2927 ;
1331 2887 1387 2920 his
1405 2898 1512 2920 name
1529 2887 1557 2918 is
1574 2885 1817 2930 perpetuated
1836 2886 1873 2918 in

1108 2936 1173 2968 the
1205 2935 1335 2967 Tabula
1364 2935 1650 2976 Peutinyeriana,
1675 2944 1696 2965 a
1730 2932 1873 2966 Roman

1108 2981 1272 3025 military
1290 2992 1373 3024 map
1399 2980 1441 3013 of
1456 2979 1520 3013 the
1538 2979 1641 3013 IIIrd
1659 2979 1764 3013 Cent.
1785 2991 1872 3021 A.D.,

1109 3040 1190 3062 now
1208 3029 1245 3061 in
1263 3027 1327 3061 the
1346 3027 1437 3071 Imp.
1461 3026 1611 3071 Library
1628 3031 1666 3060 at
1683 3026 1836 3061 Vienna.

1157 3073 1186 3092 ⁵⁴
1211 3076 1351 3108 Mation
1365 3085 1377 3107 .·
1394 3074 1430 3107 ii.
1450 3074 1509 3116 50,
1529 3085 1563 3107 η.

1036 3216 1128 3261 257
1638 3225 1671 3257 R

1901 464 1939 493 45

1901 796 1939 826 50

1904 1133 1944 1162 55

1905 1468 1945 1498 60

1908 1804 1946 1833 65
