2247 3637
184 295 213 333 1
237 294 305 349 34]
552 283 986 341 oRTVINUS
1039 282 1413 340 GRATIUS

185 393 391 458 Surgite
415 393 572 441 etiam
597 410 761 448 mane,
777 393 859 440 lav
863 399 945 441 ate
970 408 1152 439 manus
1176 397 1383 446 vestras,
1401 397 1578 438 ornate
1604 389 1779 445 crines,

183 467 236 508 et
261 461 420 509 nolite
444 476 551 508 esse
577 460 884 508 accidiosus.
922 460 1171 524 scriptura
1195 457 1331 506 enim
1357 458 1513 505 dicit:
1564 465 1592 483 ‘⁶
1614 458 1778 512 Deus,

183 528 308 576 deus
346 544 507 583 meus,
543 528 604 574 ad
643 534 695 575 te
732 527 796 575 de
834 527 947 576 luce
984 526 1185 591 vigilo?
1254 525 1432 573 Etiam
1471 525 1632 572 vitate
1669 523 1781 571 loca

183 601 395 643 secreta:
430 612 522 643 nos
542 595 728 642 scimus
747 595 885 657 quod
907 595 1019 642 loca
1036 600 1088 641 et
1106 600 1340 657 tempora
1359 608 1507 656 saepe
1526 591 1781 639 inducunt

184 661 414 709 homines
456 662 519 708 ad
562 662 895 726 peccandum,
935 668 987 710 et
1030 660 1253 708 maxime
1289 660 1353 707 ad
1393 658 1776 706 luxuriandum.

184 729 380 776 Verum
417 729 556 792 quod
592 728 746 776 vultis
779 746 808 776 a
840 745 923 776 me
955 728 1138 776 habere
1174 744 1338 775 unum
1367 726 1779 792 experimentum

181 796 456 860 probatum
476 795 541 843 de
565 812 750 852 amore,
768 797 936 844 sciatis
960 796 1098 859 quod
1118 811 1214 859 ego
1232 811 1336 842 non
1360 809 1568 858 possum
1589 793 1781 840 salvare

184 862 546 910 conscientiam
566 879 748 911 meam.
812 864 1037 920 Quando
1055 862 1249 927 glosavi
1270 861 1412 909 vobis
1431 860 1512 909 hic
1533 860 1780 908 Ovidium

182 930 246 977 de
282 935 389 977 arte
427 930 648 987 amandi,
687 929 792 978 dixi
832 931 975 978 vobis
1010 931 1149 994 quod
1186 945 1338 977 nemo
1372 929 1582 977 deberet
1616 928 1782 975 facere

182 1013 272 1061 per
307 1003 470 1045 artem
503 997 901 1062 nigromantiam
936 997 1076 1061 quod
1113 996 1350 1044 mulieres
1389 1012 1440 1043 se
1473 1001 1679 1050 amant3
1727 1000 1780 1042 et

182 1063 476 1127 quicunque
513 1065 741 1112 contiaiv
745 1065 856 1120 erit,
893 1065 999 1129 ipse
1035 1071 1166 1112 esset
1202 1062 1680 1111 excommunicatus
1717 1061 1780 1109 de

182 1131 336 1185 facto,
363 1138 415 1179 et
439 1132 776 1196 exquisitores
805 1131 1087 1180 haereticae
1115 1131 1380 1197 pravitatis
1412 1135 1627 1195 possunt
1660 1145 1780 1177 eum

183 1199 354 1255 citare,
381 1205 538 1262 atque
562 1199 662 1246 ad
650 1215 822 1263 lgnem
847 1200 1102 1247 damnare.
1177 1198 1295 1262 Ego
1320 1198 1426 1246 dixi
1451 1197 1594 1245 vobis
1623 1197 1780 1245 etiam

183 1282 346 1313 unum
386 1266 697 1330 exemplum,
735 1267 872 1330 quod
912 1266 1110 1314 debetis
1147 1272 1341 1322 notare,
1379 1264 1618 1313 videlicet
1654 1264 1780 1313 hoc:

183 1332 336 1381 Unus
384 1333 730 1382 baccalaurius
778 1333 1058 1398 Lypsensis
1105 1333 1298 1381 amavit
1334 1349 1491 1380 unam
1530 1331 1781 1396 virginem

183 1400 486 1449 Katarinam
512 1401 741 1456 Pistoris,
766 1407 820 1448 et
842 1400 1052 1449 iectavit
1076 1400 1237 1464 ipsam
1271 1417 1390 1448 cum
1426 1415 1581 1464 pomo
1613 1399 1779 1463 nigro-

181 1467 423 1523 manticQ
440 1474 494 1515 et
511 1467 618 1533 ipse
637 1484 850 1532 pomum
870 1468 1067 1543 accepit
1086 1474 1139 1515 et
1156 1468 1329 1542 posuit
1348 1467 1411 1514 ad
1430 1473 1610 1531 pectus
1630 1482 1780 1514 suum

181 1534 315 1582 inter
353 1534 634 1582 mamillas:
684 1541 736 1582 et
772 1535 948 1582 statim
986 1534 1178 1599 incepit
1206 1535 1363 1582 istum
1403 1533 1781 1581 baccalaurium

180 1601 428 1650 furialiter
475 1618 660 1657 amare,
720 1602 823 1650 sic:
893 1608 940 1666 (ᾖ.
1005 1602 1213 1665 quando
1274 1601 1374 1649 fuit
1440 1601 1492 1648 in
1553 1600 1779 1656 ecclesia,

181 1685 381 1733 semper
404 1669 626 1733 inspexit
646 1669 804 1717 istum
830 1669 1219 1716 baccalaurium.
1282 1668 1357 1716 Et
1376 1667 1583 1732 quando
1602 1668 1783 1716 debuit

180 1752 322 1785 orare
371 1738 574 1785 “Pater
597 1742 770 1784 noster
793 1736 882 1800 qui
915 1751 968 1784 es
1001 1736 1053 1784 in
1083 1736 1277 1792 caelis,”
1314 1735 1508 1784 oravit:
1547 1742 1575 1761 ‘⁶
1595 1736 1780 1782 Bacca-

178 1802 339 1851 laurie
363 1803 451 1851 ubi
477 1820 529 1851 es
548 1806 566 1852 ἒ
582 1804 605 1821 ”
664 1803 842 1851 Etiam
862 1803 914 1851 in
939 1804 1095 1851 domo
1113 1803 1320 1867 quando
1344 1809 1490 1867 pater
1514 1802 1595 1851 vel
1619 1809 1784 1850 mater

180 1870 420 1918 clamavit
455 1870 565 1927 sibi,
603 1870 899 1936 respondit:
950 1879 977 1898 “
1000 1870 1342 1927 Baccalaurie,
1379 1870 1505 1934 quid
1546 1869 1783 1918 vultis?'’

178 1937 252 1985 Et
276 1938 371 2002 ipsi
395 1955 499 1986 non
523 1938 906 1996 intellexerunt,
921 1939 1084 1987 donec
1108 1939 1319 2002 quidam
1344 1937 1590 2001 magister
1611 1943 1786 1985 noster

177 2006 614 2069 praetergrediens
656 2006 871 2054 domum
913 2006 1021 2055 eius
1063 2005 1308 2054 salutavit
1343 2005 1495 2054 istam
1532 2004 1784 2069 virginem

177 2071 378 2121 dicens:
407 2081 436 2099 ‘⁶
454 2073 683 2122 Domine
708 2073 964 2130 Catarina,
982 2074 1178 2122 bonum
1202 2089 1341 2121 sero:
1367 2072 1599 2138 proficiat
1622 2072 1784 2129 vobis,

177 2155 269 2188 vos
293 2140 492 2189 habetis
516 2157 681 2189 unum
704 2141 979 2206 pulchrum
1005 2141 1236 2189 crinale.’'
1306 2140 1381 2188 Et
1403 2139 1667 2204 respondit
1699 2139 1786 2187 illa

178 2207 323 2272 virgo
358 2207 630 2257 Catarina:
669 2209 837 2256 “Deo
868 2209 1071 2273 gratiaS‚
1102 2209 1236 2256 bone
1265 2207 1595 2262 baccalaurie,
1626 2206 1783 2255 vultis

178 2290 385 2323 mecum
433 2275 606 2324 bibere
654 2276 716 2323 de
763 2276 963 2341 optima
1010 2275 1248 2325 cerevisia
1269 2277 1287 2323 ἓ
1308 2276 1330 2292 ”
1376 2274 1640 2340 porrigens
1689 2274 1783 2322 sibi

180 2342 497 2390 cantharum.
571 2344 768 2391 Verum
801 2343 884 2391 ille
914 2343 1159 2409 magister
1190 2349 1364 2392 noster
1394 2342 1496 2391 fuit
1527 2342 1702 2397 iratus,
1729 2347 1781 2389 et

178 2410 436 2458 accusavit
484 2410 648 2486 ipsam
695 2410 833 2476 apud
880 2417 1098 2459 matrem
1146 2428 1292 2459 suam
1340 2409 1443 2458 sic:
1500 2417 1527 2436 ‘⁶
1549 2409 1782 2456 Domina

178 2475 464 2533 Pistorissa‚
503 2477 741 2542 eoirigite
776 2478 935 2526 filiam
971 2485 1227 2527 vestram:
1264 2478 1373 2542 ipsa
1408 2484 1487 2526 est
1523 2477 1670 2524 valde
1705 2474 1778 2523 in-

177 2543 431 2601 discreta;
492 2545 855 2594 scandalizavit
900 2552 1128 2594 nostram
1177 2545 1599 2593 universitatem:
1657 2559 1780 2590 nam

178 2611 382 2659 vocavit
433 2628 517 2660 me
570 2612 964 2669 baecalaurium,
1017 2619 1071 2662 et
1123 2630 1237 2661 sum
1295 2612 1540 2676 magister
1590 2616 1777 2658 noster.

177 2677 370 2734 Amen,
413 2696 578 2736 amen,
621 2680 736 2729 dico
777 2680 922 2729 vobis
969 2681 1108 2744 quod
1151 2678 1463 2745 perpetravit
1506 2683 1779 2742 peccatum

178 2746 427 2794 mortale:
469 2747 682 2795 abstulit
723 2748 848 2795 mihi
890 2747 1137 2797 honorem
1179 2764 1369 2802 meum,
1413 2752 1466 2793 et
1506 2749 1779 2810 peccatum

177 2827 282 2859 non
311 2812 606 2869 dimittitur,
637 2814 733 2862 nisi
763 2814 993 2863 ablatum
1022 2814 1338 2863 restituatur.
1411 2812 1561 2860 Alios
1593 2811 1780 2876 magis-

178 2884 284 2926 tros
325 2886 524 2928 nostros
562 2882 850 2930 nominavit
884 2882 1040 2930 etiam
1082 2879 1452 2930 baccalaurios:
1490 2895 1586 2943 ego
1628 2879 1780 2927 credo

178 2945 319 3008 quod
345 2953 485 2995 amat
509 2964 672 2996 unum
701 2949 1107 3005 baccalaurium3
1144 2948 1328 2996 habete
1357 2945 1777 2995 advertentiam.'’

179 3013 329 3060 Tunc
353 3019 518 3061 mater
541 3015 647 3062 eius
672 3016 868 3080 accepit
892 3033 1054 3063 unum
1079 3015 1278 3080 lignum
1303 3013 1591 3079 percutiens
1616 3014 1779 3079 ipsam

365 3132 394 3153 ⁶²
418 3138 538 3178 script.
553 3148 565 3170 .·
590 3136 685 3171 Psal.
705 3137 782 3172 lxii.
800 3137 833 3172 2.
1127 3135 1156 3156 ⁵²
1181 3139 1240 3172 loc.
1258 3149 1346 3172 sesa:
1371 3137 1572 3183 lupanaria.

943 3225 1004 3266 89

1816 406 1854 437 50

1815 746 1854 776 55

1816 1080 1855 1111 60

1816 1413 1856 1444 65

1817 2084 1855 2116 75

1814 2423 1852 2453 80

1812 2759 1852 2789 85
