2247 3637
256 250 307 288 11.
332 252 401 299 35]
628 235 1173 293 WILHELMUS
1228 235 1472 290 LAMP

253 346 432 396 hendit
472 345 585 394 illos
626 345 865 409 antiquos
907 351 1074 410 patres
1116 349 1170 391 et
1209 343 1589 408 grammaticos,
1626 342 1849 391 Alexan-

253 414 405 462 drum
455 413 735 467 Graecista,
785 412 956 460 Verba
1011 409 1386 476 deponentalia‚
1435 409 1738 473 Remigium
1797 416 1850 458 et

254 481 392 529 alios.
466 480 540 527 Et
569 496 732 544 nuper
767 479 898 527 dixit
931 479 1071 542 quod
1095 476 1275 542 aliquis
1303 476 1476 525 volens
1500 476 1691 524 discere
1716 477 1850 524 bona

256 547 496 595 Carmina
526 547 707 602 facere,
733 546 886 595 debet
921 546 1045 594 scire
1069 544 1415 593 Diomedem:
1452 549 1505 591 et
1528 543 1661 591 dixit
1685 543 1850 592 multa

255 615 318 663 de
364 614 456 662 tali
504 613 777 662 Diomede.
873 613 1135 678 Respondi
1185 620 1327 676 “ego
1377 610 1540 659 Miror
1585 611 1849 674 quomodo

254 688 432 730 tamen
457 681 667 729 venistis
691 697 843 744 super
867 680 978 728 illos
1008 697 1168 728 novos
1191 678 1570 744 grammati008‚
1597 683 1649 726 et
1672 684 1849 726 tamen
1884 694 1909 724 3·

255 748 454 797 habetis
495 748 669 796 omnia
709 746 921 795 metrice
968 747 1020 795 in
1063 747 1217 795 tertia
1263 751 1407 811 parte
1453 744 1740 793 Alexandri
1786 744 1849 793 de

254 815 470 881 pedibus
518 822 571 863 et
618 814 996 878 quantitatibus
1042 814 1370 879 syllabarum,
1413 819 1465 860 et
1503 818 1668 861 artem
1712 828 1849 859 scan-

255 882 409 930 dendi
441 888 495 930 et
524 888 706 930 cetera.
779 882 854 929 Et
883 898 1001 929 cum
1038 882 1134 930 hoc
1171 882 1265 929 iste
1298 880 1584 929 Diomedes
1614 895 1718 928 non
1748 878 1849 927 fuit

254 950 420 998 bonus
470 949 801 997 Christianus.
899 949 1037 1006 Quia
1093 949 1195 1014 legi
1253 947 1410 996 semel
1467 946 1689 1011 qualiter
1745 946 1850 1012 ipse

255 1017 436 1065 habuit
475 1017 654 1080 Equos
696 1016 784 1080 qui
822 1016 1157 1064 comederunt
1194 1015 1442 1070 homines,
1474 1020 1527 1063 et
1563 1014 1670 1079 ipse
1707 1013 1852 1062 dedit

255 1085 325 1133 eis
352 1084 618 1132 comedere
643 1083 921 1131 homines.’'
994 1083 1038 1130 T
1044 1100 1143 1131 unc
1170 1083 1253 1131 ille
1280 1082 1584 1130 Curtisanus
1621 1081 1851 1130 multum

255 1152 364 1199 risit
394 1157 446 1199 et
479 1151 777 1198 subsanauit
810 1167 906 1199 me.
979 1150 1052 1198 Et
1076 1157 1254 1215 postea
1282 1149 1429 1204 dixit,
1455 1149 1594 1213 quod
1619 1149 1781 1197 debeo
1806 1148 1852 1196 ei

255 1219 422 1267 dicere
481 1218 744 1282 quomodo
792 1217 1046 1266 Abacuck
1106 1217 1261 1265 habet
1314 1216 1533 1281 primam
1587 1216 1849 1281 syllabam.

255 1286 554 1350 Respondi:
593 1293 734 1350 “ego
766 1284 1042 1349 distinguo.
1116 1284 1255 1342 Quia
1285 1290 1439 1348 prout
1468 1290 1546 1332 est
1573 1283 1850 1348 proprium,

256 1354 412 1402 habet
436 1353 655 1418 primam
680 1352 1060 1400 indifferentem
1086 1351 1368 1400 secundum
1395 1350 1784 1399 Alexandrum:

527 1476 550 1492 “
565 1471 629 1508 Ad
651 1470 844 1521 placitum
866 1473 961 1521 poni
982 1472 1234 1520 propriorum
1255 1469 1381 1506 multa
1403 1469 1580 1507 notavi.”

258 1577 360 1625 Sed
384 1583 537 1642 prout
563 1576 827 1641 quaeritur
850 1581 1100 1639 quantam
1125 1574 1280 1622 habet
1304 1573 1523 1639 primam
1553 1573 1853 1623 naturaliter

255 1644 572 1710 respiciendo
625 1644 689 1691 ad
746 1649 953 1691 naturas
1012 1641 1454 1707 appellativorum,
1513 1648 1640 1689 tunc
1698 1642 1853 1691 habet

256 1713 476 1778 primam
502 1713 710 1760 brevem
735 1710 1019 1759 secundum
1044 1709 1406 1756 Alexandrum
1431 1708 1689 1757 dicentem
1714 1710 1854 1773 quod

255 1797 288 1827 (ι
329 1785 449 1827 ante
491 1778 518 1826 b
559 1779 611 1826 in
653 1777 827 1843 primis
869 1776 1093 1841 syllabis,
1136 1777 1364 1841 exceptis
1406 1776 1735 1841 excipiendis,
1777 1783 1856 1825 est
1912 1794 1928 1821 3

257 1846 470 1896 brevis.”
558 1845 709 1893 Tunc
748 1845 832 1893 ille
874 1845 1043 1893 adhuc
1084 1843 1249 1908 magis
1290 1843 1466 1892 derisit
1507 1860 1591 1892 me
1629 1850 1682 1892 et
1723 1843 1856 1892 dixit

257 1922 286 1942 ‘⁶
307 1915 452 1962 Vade
475 1920 536 1961 tu
563 1912 882 1961 Coloniensis
908 1911 1248 1977 Copulatista‚
1276 1928 1395 1959 cum
1419 1918 1512 1959 tuo
1537 1911 1854 1967 Alexandro,

256 1981 346 2046 qui
381 1982 481 2030 fuit
518 1981 686 2028 asinus
722 1979 1097 2035 ParrhisiensiS‚
1124 1978 1255 2027 sicut
1291 1978 1458 2027 adhuc
1492 1985 1612 2027 sunt
1642 1979 1856 2044 plures.⁷'

256 2048 332 2097 Et
364 2049 434 2097 sic
462 2048 690 2097 multum
727 2047 1069 2095 scandalizans
1101 2045 1248 2094 illum
1273 2046 1470 2094 bonum
1496 2046 1856 2095 Alexandrum

256 2116 430 2166 abivit.
502 2116 577 2163 Et
619 2115 726 2163 dixi
764 2131 890 2179 ego:
928 2115 1100 2162 “Cras
1133 2113 1417 2162 videbitis.’'
1486 2113 1561 2162 Et
1601 2114 1665 2162 de
1707 2130 1857 2162 mane

256 2183 456 2249 portavi
495 2200 660 2231 unum
702 2199 905 2230 carmen
946 2182 1086 2246 quod
1119 2181 1391 2246 compilavi
1431 2198 1521 2246 per
1562 2188 1768 2230 noctem
1804 2181 1858 2229 in

256 2251 463 2299 laudem
510 2250 812 2306 Alexandri,
861 2255 914 2297 et
973 2249 1126 2297 mitto
1174 2248 1318 2297 vobis
1376 2249 1688 2313 exemplum.
1783 2248 1858 2296 Et

256 2318 465 2382 quando
506 2317 744 2365 dominus
786 2333 932 2364 meus
974 2316 1103 2364 vidit
1146 2316 1273 2364 illud
1308 2316 1548 2373 Carmen,
1586 2322 1713 2364 tunc
1754 2315 1858 2363 lau-

257 2385 400 2433 davit
435 2401 518 2432 me
554 2390 605 2432 et
641 2384 773 2433 dixit
810 2385 966 2432 “Iste
1003 2384 1169 2432 socius
1205 2390 1283 2433 est
1310 2400 1402 2448 pro
1427 2384 1555 2432 me.”
1625 2383 1699 2431 Et
1724 2382 1856 2430 dixit

259 2460 287 2479 ‘⁴
308 2453 354 2501 O
384 2452 682 2508 &Vilhelme,
719 2451 814 2500 scis
850 2452 923 2499 ita
959 2451 1233 2516 compilare
1268 2453 1470 2500 metra?
1539 2450 1657 2515 Ego
1692 2450 1857 2514 ignor-

256 2520 352 2568 avi.
425 2519 500 2568 Et
534 2526 804 2585 propterea
838 2518 953 2584 plus
979 2518 1096 2566 volo
1120 2525 1174 2567 te
1210 2518 1421 2583 diligere
1458 2518 1510 2565 in
1545 2517 1853 2582 posterum.'’

258 2586 334 2635 Et
371 2587 440 2635 sic
478 2604 623 2652 spero
662 2587 802 2651 quod
841 2587 959 2635 volo
999 2585 1128 2635 bene
1168 2592 1315 2634 stare.
1388 2586 1462 2633 Et
1500 2584 1707 2649 quando
1743 2584 1856 2632 vult

257 2654 496 2703 dominus
532 2655 656 2703 deus
691 2654 831 2719 quod
868 2654 1075 2718 acquiro
1111 2653 1319 2718 aliquid,
1349 2659 1476 2700 tunc
1512 2653 1701 2701 iterum
1738 2651 1855 2699 volo

306 2785 334 2804 ²⁶
354 2789 475 2822 Graec.
489 2799 501 2822 .·
527 2788 718 2822 Eberhard
745 2788 1022 2823 Bethuniensis.
1090 2785 1160 2821 vol.
1202 2787 1241 2829 i.,
1281 2786 1391 2830 Lips,
1437 2786 1557 2829 1857),
1592 2784 1768 2819 confused
1809 2785 1857 2830 by

306 2832 332 2852 ²⁶
357 2835 452 2869 Verb.
467 2836 586 2877 delum.
601 2847 612 2869 :
634 2835 698 2869 the
720 2836 829 2869 Verba
841 2837 1022 2878 Deponen-
1092 2834 1207 2878 Lamp
1224 2833 1312 2867 with
1330 2833 1390 2875 D.,
1412 2832 1504 2876 king
1521 2832 1562 2866 of
1582 2831 1646 2866 the
1673 2832 1854 2875 Bistones,

257 2883 344 2915 talia
369 2881 411 2915 of
431 2881 622 2916 Johannes
648 2882 842 2927 Synthen;
876 2894 896 2915 a
922 2893 1022 2928 pam-
1092 2882 1130 2914 in
1147 2881 1303 2922 Thrace,
1323 2880 1403 2913 who
1428 2879 1488 2913 fed
1512 2879 1568 2912 his
1591 2890 1709 2913 mares
1726 2890 1774 2914 on
1791 2879 1856 2914 the

259 2927 363 2973 phlet
381 2928 422 2961 of
438 2928 482 2961 12
498 2928 532 2962 ff.
1093 2927 1182 2962 flesh
1200 2927 1242 2961 of
1264 2927 1320 2960 his
1340 2926 1512 2971 captives.
1563 2926 1630 2960 See
1648 2925 1754 2961 Diod.
1774 2926 1856 2970 Sic.,

305 2973 332 2993 ²⁶
349 2976 481 3018 Renziy.
532 2975 599 3008 See
616 2975 637 3008 i.
657 2974 692 3017 7,
710 2987 745 3008 n.
1093 2975 1181 3008 Bibl.
1201 2976 1308 3016 Hist„
1327 2974 1373 3007 iv.
1396 2974 1448 3007 15.

306 3020 334 3040 ²⁸
350 3023 486 3056 Diam:
502 3023 770 3066 grammarian3
785 3021 822 3064 (“
834 3022 1023 3057 Diomedis
1092 3051 1095 3055 .
1140 3019 1167 3038 ³⁷
1185 3022 1275 3055 subs.
1325 3022 1393 3062 Sic,
1414 3020 1452 3053 iu
1470 3018 1535 3065 [D]
1552 3019 1626 3054 and
1643 3018 1717 3066 [E].

258 3068 363 3103 Artis
380 3068 652 3102 Grammaticae
666 3068 765 3102 Libri
785 3069 877 3103 111.‘’
894 3082 902 3111 3
926 3070 1023 3103 isin·
1093 3096 1096 3101 .
1140 3066 1168 3086 ³⁸
1185 3069 1272 3101 Aba.
1286 3079 1299 3101 .·
1323 3069 1375 3101 i.e.
1394 3066 1617 3102 Habakkuk.

258 3115 391 3151 cluded
417 3116 456 3150 in
486 3115 603 3151 Keil’s
634 3117 864 3150 Grammatici
888 3117 1023 3158 Latini,
1140 3113 1167 3134 ¹⁷
1187 3116 1254 3148 Col.
1275 3116 1355 3157 Cop.
1403 3114 1470 3149 See
1488 3114 1522 3149 ii.
1542 3115 1577 3157 9,
1597 3125 1633 3148 η.

1021 3177 1118 3218 209
1623 3185 1655 3217 Ο

1885 361 1923 391 25

1887 1034 1924 1063 35

1889 1370 1927 1400 40

1893 2129 1931 2158 5¹)

1892 2464 1930 2494 55
