2247 3637
206 295 234 334 1.
260 298 328 346 32]
404 283 888 340 GINGOLFUS
943 281 1759 339 LIGNIPERCUSSORIS

315 396 445 432 Nemo
466 394 591 431 debet
612 406 698 431 esse
718 398 802 430 tam
822 393 969 430 stultus

314 450 368 486 Et
387 451 428 485 in
449 453 563 485 tanta
584 450 994 497 praesumptuositate
1014 446 1211 496 sepultus,

313 503 433 549 Quod
454 502 554 539 velit
575 502 658 539 fieri
680 501 928 538 illuminatus
950 504 990 537 in
1011 513 1120 537 sacra
1141 502 1337 548 scriptura

312 557 365 594 Et
386 555 609 593 formaliter
628 555 828 592 deducere
849 554 1056 591 corollaria
1075 566 1124 590 ex
1146 553 1440 600 Bonaveutura‚

313 611 394 656 Qui
415 622 495 645 non
517 609 661 646 didicit
681 614 941 646 mentetenus
960 607 1321 654 combibilationes,

311 664 421 710 Quas
442 666 623 712 magistri
644 666 768 700 nostri
789 667 1000 700 resumunt
1018 674 1091 712 per
1110 673 1252 698 omnes
1272 663 1470 710 regiones,

313 718 552 754 Praesertim
573 720 614 753 in
637 716 833 754 Parrhisia
852 729 955 767 quae
975 721 1038 754 est
1057 720 1186 752 mater
1205 717 1385 751 omnium
1406 716 1726 758 universitatum,

309 771 363 808 Et
382 774 424 807 in
445 770 623 816 Colonia,
643 771 711 807 ubi
730 783 860 820 nuper
878 769 1165 819 magistraliter
1184 774 1246 806 est
1266 768 1478 819 probatum

312 825 388 862 Per
407 828 619 874 magistros
639 830 795 862 nostros
815 827 855 860 in
876 824 1137 874 theologicali
1159 823 1447 873 disputatione,

309 879 356 915 In
376 892 455 928 qua
474 879 850 916 determinaverunt
870 881 1004 915 omnia
1024 878 1232 927 seraphica
1252 877 1504 926 probatione,

307 933 429 979 Quod
450 932 578 969 multo
597 933 741 969 melius
762 937 824 970 est
844 935 944 969 scire
966 935 1061 969 istas
1081 931 1430 968 combibilationes

309 987 424 1032 Quae
445 986 616 1036 plurima
637 991 813 1023 tractant
834 998 905 1036 per
923 985 1216 1035 irrefragabiles
1235 987 1424 1029 rationes,

308 1041 442 1087 Quam
462 1046 723 1078 mentetenus
743 1043 843 1077 scire
865 1040 1162 1089 Hieronymum
1183 1044 1226 1077 et
1246 1039 1534 1089 Augustinum,

307 1094 387 1140 Qui
408 1099 568 1132 tantum
590 1098 722 1131 sciunt
742 1094 915 1131 scribere
936 1094 1086 1130 bonum
1107 1093 1277 1130 latinum
1297 1106 1304 1131 :

307 1148 412 1194 Quia
432 1149 781 1185 combibilationes
801 1153 896 1185 sunt
915 1149 1069 1196 optima
1088 1150 1269 1190 materia,

307 1202 390 1239 Ceu
411 1202 623 1252 disputant
642 1205 823 1252 magistri
844 1204 969 1238 nostri
991 1214 1062 1250 per
1081 1204 1216 1238 omnia
1235 1202 1477 1237 monasteria
1495 1214 1503 1236 t

307 1256 424 1305 Ipsae
444 1256 693 1293 concludunt
712 1270 784 1306 per
804 1255 1082 1292 conclusiones
1102 1254 1365 1304 magistrales,

305 1310 386 1356 Qui
407 1316 501 1347 sunt
522 1314 563 1346 in
584 1310 730 1347 divinis
749 1312 825 1359 ipsi
844 1312 1008 1346 termini
1030 1308 1265 1346 essentiales
1283 1321 1291 1352 ;

305 1364 360 1401 Et
380 1369 559 1401 tractant
579 1367 702 1401 etiam
723 1366 850 1414 prima
870 1365 1067 1413 principia
1087 1362 1375 1412 theologicalia

305 1418 358 1455 Et
378 1418 455 1455 alia
475 1417 603 1455 multa
623 1431 725 1468 quae
746 1423 840 1454 sunt
859 1417 976 1454 valde
996 1417 1251 1466 magistralia.

870 1714 1110 1761 XXXII

194 1853 256 1901 ΙΙ
305 1852 384 1900 M.
439 1852 656 1900 Ortvirzo
706 1851 896 1900 Gratio
944 1852 1053 1900 viro
1105 1850 1522 1900 inenarrabilium
1577 1851 1792 1899 doctrin-

358 1936 505 1967 arum
546 1919 804 1983 Magister
848 1919 1331 1967 GINGOLFUS
1360 1918 1455 1965 LI
1455 1918 1792 1966 GNIPER-

363 1986 733 2035 CUSSORIS
751 1985 880 2035 mille
903 1985 1107 2034 millium
1130 1986 1314 2034 salutes
1338 1985 1456 2034 dicit
1475 1986 1528 2033 in
1548 1984 1792 2034 charitate

361 2071 463 2102 non
470 2054 602 2118 ficta

317 2191 845 2240 LORISSISSIME
875 2191 1135 2256 magister,
1161 2208 1258 2255 ego
1290 2208 1407 2238 amo
1441 2207 1529 2238 vos
1559 2198 1788 2255 pectora-

349 2258 466 2308 liter
489 2276 553 2307 ex
582 2259 766 2307 intimo
790 2260 912 2316 zelo,
939 2259 1059 2323 quia
1084 2275 1172 2307 vos
1196 2275 1280 2306 me
1306 2275 1504 2322 semper
1528 2258 1789 2306 amavistis

190 2343 253 2374 ex
312 2343 416 2390 quo
473 2326 641 2374 fuistis
698 2334 996 2391 praeceptor
1052 2343 1197 2374 meus
1250 2325 1678 2390 singularissimus
1735 2326 1788 2374 in

190 2394 508 2450 Daventria;
568 2400 621 2442 et
667 2394 912 2458 quicquid
960 2410 1050 2441 vos
1098 2393 1330 2441 stimulat
1376 2393 1429 2440 in
1478 2393 1787 2440 conscientia

190 2467 373 2518 vestra,
411 2461 507 2509 hoc
546 2477 629 2509 me
667 2462 829 2525 magis
864 2461 1113 2516 stimulat,
1149 2467 1202 2508 et
1240 2461 1379 2525 quod
1418 2476 1501 2507 me
1536 2459 1784 2516 stimulat,

190 2528 292 2576 scio
318 2529 457 2593 quod
481 2545 572 2577 vos
596 2528 751 2576 etiam
778 2528 1026 2584 stimulat,
1052 2534 1105 2576 et
1130 2534 1298 2576 vester
1323 2527 1562 2575 stimulus
1588 2543 1785 2591 semper

189 2595 288 2644 fuit
311 2595 467 2644 etiam
492 2595 730 2644 stimulus
756 2613 915 2652 meus,
950 2602 1001 2643 et
1033 2612 1187 2643 nemo
1219 2612 1308 2643 vos
1341 2611 1570 2658 unquam
1603 2593 1782 2641 stimu-

188 2662 329 2719 lavit,
366 2663 455 2728 qui
491 2680 575 2711 me
610 2680 715 2711 non
749 2663 925 2711 durius
961 2662 1263 2718 stimulavit,
1293 2668 1450 2726 atque
1487 2678 1572 2709 cor
1606 2677 1781 2708 meum

188 2730 379 2777 totiens
413 2730 608 2795 patitur
640 2730 893 2787 stimulos,
919 2730 1156 2795 quotiens
1189 2728 1369 2792 aliquis
1398 2744 1487 2775 vos
1520 2728 1780 2776 stimulat:

191 2796 405 2845 credatis
430 2797 591 2845 mihi
580 2813 632 2845 m
657 2798 792 2845 bona
809 2798 924 2853 fide,
944 2797 1151 2860 quando
1172 2797 1504 2843 Hermannus
1530 2795 1781 2843 Buschius

190 2863 474 2912 stimulavit
508 2881 598 2912 vos
633 2864 686 2912 in
721 2882 813 2913 suo
848 2865 1091 2929 proemio,
1124 2862 1343 2926 amplius
1378 2877 1462 2909 me
1497 2861 1780 2910 stimulavit

190 2946 346 2993 quam
383 2947 488 2986 vos,
524 2938 577 2979 et
612 2932 834 2997 cogitavi
875 2931 1136 2996 quomodo
1177 2945 1385 2993 possum
1426 2928 1584 2976 istum
1627 2929 1781 2977 indis—

190 3003 388 3044 cretum
434 2997 707 3047 rixatolem
754 2998 1087 3053 restimulare,
1135 2997 1223 3060 qui
1276 2996 1430 3044 etiam
1477 3002 1593 3044 tum
1639 3012 1780 3061 prae-

240 3105 267 3125 ²⁵
290 3108 452 3148 proemio.
504 3106 540 3140 It
569 3107 599 3140 is
629 3111 696 3142 not
724 3106 823 3142 clear
848 3108 947 3142 what
1014 3107 1080 3141 the
1094 3106 1325 3140 Prooemium
1338 3105 1380 3139 of
1385 3104 1450 3140 the
1468 3107 1780 3141 VallumHuman·

191 3153 291 3187 work
310 3153 352 3186 of
364 3152 544 3186 Buschius
562 3154 592 3187 is
609 3154 772 3188 referred
789 3159 828 3189 to
847 3165 856 3196 ;
881 3158 948 3189 not
1016 3156 1124 3196 itatis,
1136 3152 1252 3186 which
1268 3163 1338 3186 was
1356 3156 1422 3186 not
1439 3153 1586 3187 written
1600 3153 1658 3188 till
1676 3154 1776 3188 1518.

960 3214 1022 3255 83

1829 607 1867 637 80

1828 874 1867 904 85

1829 1142 1867 1171 90

1829 1409 1867 1439 95

1820 2542 1857 2571 10

1816 2874 1854 2903 15
