2247 3637
271 284 322 323 11.
347 283 414 333 631
511 272 881 328 IOANNES
938 273 1051 327 DE
1111 272 1789 329 SCHWINFORDIA

267 382 463 445 legere:
513 381 599 428 sed
637 397 733 444 ego
770 381 919 427 credo
960 396 1067 428 esse
1110 380 1404 428 mentitum.
1479 381 1617 436 Quia
1658 386 1863 428 sanctus

272 450 625 512 Hieronymus
662 454 770 495 met
806 447 902 495 fuit
941 447 1250 494 monachus:
1288 454 1341 495 et
1376 447 1491 495 ideo
1525 464 1626 494 non
1663 448 1863 512 scripsit

270 522 448 563 contra
483 532 581 562 cos.
656 515 851 562 Audivi
888 514 1044 563 etiam
1087 530 1245 561 unam
1287 514 1481 561 trusam
1523 521 1575 562 et
1616 530 1861 578 magnam

270 582 558 630 ribaldi-iam
601 582 664 628 de
706 598 808 628 uno
850 581 1098 645 discipulo
1136 580 1531 645 Wimphelingii
1573 581 1661 644 qui
1702 598 1865 645 nuper
1900 604 1956 634 110

272 650 477 713 quando
514 649 607 696 sibi
645 649 887 696 audacter
923 649 986 696 ad
1023 665 1078 695 os
1115 649 1248 696 dixi:
1289 650 1522 696 “Vester
1566 655 1865 712 praeceptor

275 717 347 763 W
352 715 713 780 imphelingius
763 722 895 763 errat
944 715 1107 771 valde,
1150 717 1270 780 quia
1318 716 1515 780 scripsit
1564 721 1741 762 contra
1781 715 1864 762 do-

274 784 472 831 minum
515 782 783 830 Abbatem
826 783 1138 831 Tritemium
1181 789 1359 830 contra
1401 782 1707 830 monachos:
1749 783 1867 845 quia

272 851 323 897 in
349 850 582 898 doctrina
606 866 697 896 sua
733 856 784 896 et
820 851 1094 898 sanctitate
1129 857 1250 898 sunt
1285 850 1535 898 notabiles
1561 856 1614 897 te
1639 849 1866 896 multum

274 917 454 965 utiles:
492 922 543 964 et
585 916 796 963 ecclesia
837 917 939 963 iam
976 934 1079 965 non
1120 917 1277 965 habet
1313 917 1434 965 alias
1471 917 1737 965 columnas
1771 916 1868 964 nisi
1903 937 1960 967 115

274 983 596 1031 monachos.”
667 983 814 1030 Tunc
852 984 934 1031 ille
970 984 1129 1032 dixit:
1168 992 1309 1049 “ego
1335 984 1596 1049 distinguo
1629 985 1692 1032 de
1728 999 1868 1031 mon-

274 1052 438 1099 achis:
498 1051 618 1114 quia
670 1050 989 1114 accipiuntur
1046 1051 1208 1099 tribus
1267 1052 1444 1100 modis.
1542 1051 1718 1099 Primo
1776 1067 1868 1114 pro

274 1118 459 1166 sanctis
501 1125 553 1165 et
593 1116 835 1173 utilibus3
890 1119 977 1166 sed
1021 1118 1091 1166 illi
1134 1125 1255 1166 sunt
1296 1118 1348 1166 in
1391 1118 1542 1166 caelo.
1631 1118 1869 1167 Secundo

274 1203 365 1252 pro
407 1202 500 1232 nec
547 1184 759 1232 utilibus
806 1201 900 1232 nec
949 1186 1229 1242 inutilibus,
1273 1192 1325 1234 et
1367 1186 1440 1233 illi
1482 1192 1603 1234 sunt
1644 1185 1769 1251 picti
1816 1185 1868 1232 in

275 1252 499 1301 ecclesia.
574 1252 750 1299 Tertio
793 1252 949 1300 modo
991 1270 1082 1317 pro
1119 1253 1215 1300 illis
1251 1253 1339 1317 qui
1376 1253 1543 1301 adhuc
1581 1254 1779 1308 vivunt,
1817 1258 1870 1300 et
1905 1273 1962 1303 120

274 1321 345 1368 illi
393 1319 571 1367 multis
618 1326 822 1374 nocent,
871 1321 1027 1367 etiam
1075 1337 1178 1368 non
1226 1327 1347 1368 sunt
1394 1321 1585 1369 sancti:
1639 1320 1759 1383 quia
1800 1319 1871 1366 ita

276 1388 479 1452 superbi
517 1393 637 1434 sunt
679 1386 809 1434 sicut
852 1405 983 1435 unus
1023 1387 1386 1435 saecularium:
1436 1387 1510 1434 Et
1546 1388 1619 1434 ita
1654 1387 1872 1435 libenter

274 1455 466 1503 habent
500 1453 739 1518 pecunias
763 1461 814 1501 et
850 1454 1086 1518 pulchras
1122 1455 1388 1503 mulieres:
1426 1454 1545 1518 quia
1570 1454 1686 1502 veni
1710 1471 1872 1519 nuper

276 1539 339 1569 ex
379 1521 744 1585 Heidelberga,
784 1521 891 1568 Ubi
933 1538 1089 1586 prope
1128 1522 1589 1585 Heidelbergenses
1626 1527 1703 1569 est
1739 1537 1872 1568 unus

276 1605 495 1654 magnus
564 1588 735 1644 abbas,
794 1588 998 1652 pinguis
1056 1589 1306 1637 discolus:
1377 1595 1430 1636 et
1491 1588 1588 1636 iste
1646 1587 1873 1652 abigavit
1908 1607 1966 1638 125

276 1673 454 1704 omnes
491 1656 768 1703 monachos
803 1656 867 1703 de
904 1656 1134 1720 Collegio
1172 1672 1208 1703 s,
1249 1655 1453 1704 Iacobi:
1491 1662 1543 1703 et
1584 1656 1690 1719 ipse
1727 1655 1873 1710 dixit,

276 1724 415 1788 quod
446 1723 559 1770 vult
589 1723 658 1769 eis
694 1728 830 1770 recte
866 1723 1061 1770 bonum
1097 1723 1426 1787 pulmentum
1461 1739 1786 1787 praeparare:
1824 1728 1877 1769 et

276 1798 454 1856 postea
497 1790 711 1837 cessavit
758 1789 893 1837 ultra
935 1789 1113 1838 dicere.
1207 1790 1308 1838 Sed
1356 1790 1451 1855 ipsi
1498 1789 1692 1845 dicunt,
1736 1789 1876 1853 quod

277 1859 407 1906 bene
434 1858 616 1905 volunt
643 1857 844 1905 credere
868 1857 1007 1921 quod
1031 1858 1209 1906 fecerit
1235 1857 1348 1905 ideo
1377 1858 1507 1919 (Der
1530 1863 1629 1921 gut
1652 1857 1873 1916 bruder).

278 1925 416 1982 Quia
442 1924 709 1972 Palatinus
738 1924 851 1972 vult
887 1941 1044 1972 unam
1082 1925 1233 1972 aliam
1270 1926 1409 1973 Viam
1446 1925 1714 1973 instituere
1737 1923 1876 1988 quod
1910 1944 1968 1974 130

279 1993 450 2041 veniat
493 2008 627 2039 unus
670 1992 836 2040 Poeta
870 1993 933 2039 ad
974 1992 1380 2056 Heidelbergam
1418 1991 1506 2056 qui
1540 1992 1695 2040 faciat
1731 2007 1874 2038 mon-

279 2060 432 2107 achos
457 2059 581 2107 istos
606 2065 659 2108 et
684 2059 806 2107 alios
832 2060 1098 2108 studentes
1134 2077 1272 2108 nunc
1308 2059 1466 2107 latine
1499 2059 1654 2123 loqui.
1728 2059 1877 2106 Tunc

279 2128 364 2176 ille
404 2127 608 2192 pinguis
645 2125 800 2174 abbas
842 2127 944 2174 cito
986 2127 1242 2175 intellexit
1278 2127 1540 2190 quomodo
1582 2127 1721 2174 iocus
1764 2125 1878 2173 vult

278 2196 435 2243 finem
494 2195 734 2258 accipere,
782 2200 836 2241 et
883 2194 1013 2242 dixit
1063 2193 1328 2242 ‘monachi
1387 2194 1489 2242 mei
1535 2211 1639 2241 non
1687 2193 1878 2241 debent

280 2262 471 2310 discere
528 2262 748 2308 latinum
806 2278 1017 2317 novum,
1066 2262 1184 2326 quia
1243 2267 1421 2326 postea
1468 2267 1620 2309 erunt
1674 2260 1876 2325 superbi
1911 2277 1969 2307 135

281 2330 420 2394 quod
470 2329 636 2376 sciunt
684 2327 798 2392 plus
845 2346 1002 2392 quam
1043 2346 1169 2394 ego:
1217 2336 1343 2376 tunc
1380 2345 1476 2393 ego
1513 2328 1724 2392 pulchre
1759 2344 1876 2375 ven-

282 2397 407 2444 irem
450 2395 584 2444 inter
620 2412 705 2443 eos
743 2402 803 2443 ut
838 2396 1041 2460 pinguis
1078 2397 1248 2444 asinus
1285 2395 1418 2444 inter
1460 2395 1704 2443 simias.'’'
1777 2394 1878 2442 Sed

279 2481 453 2512 revera
494 2463 579 2510 illa
620 2462 882 2510 distinctio
923 2480 1027 2511 non
1069 2471 1147 2512 est
1187 2464 1415 2512 multum
1456 2461 1710 2511 formalis:
1758 2461 1878 2524 quia

279 2548 384 2580 non
409 2537 488 2579 est
513 2530 826 2586 bimembris,
853 2537 905 2578 et
931 2531 999 2578 sic
1034 2547 1136 2579 non
1172 2537 1345 2596 potest
1371 2529 1686 2578 concludere.
1759 2528 1877 2592 Ego

280 2600 434 2647 mitto
481 2598 626 2645 vobis
674 2598 810 2645 hunc
868 2598 1072 2653 librum,
1122 2615 1279 2662 quem
1326 2597 1523 2645 debetis
1569 2597 1735 2644 facere
1781 2595 1875 2642 im-
1910 2609 1969 2639 140

281 2682 520 2730 pressare,
569 2666 689 2729 quia
736 2665 903 2713 multa
950 2666 1083 2713 bona
1132 2672 1254 2714 sunt
1312 2664 1446 2712 intra
1494 2670 1671 2711 contra
1718 2663 1876 2709 istum

284 2732 751 2797 Wimphelingium
788 2733 877 2796 qui
919 2733 1118 2798 scripsit
1155 2738 1333 2780 contra
1374 2730 1665 2779 monachos.
1740 2728 1878 2784 Quia

282 2799 456 2848 statim
493 2800 588 2848 erit
630 2800 682 2847 in
725 2807 865 2848 meta
901 2800 1110 2864 quando
1151 2800 1290 2864 leget
1332 2799 1600 2846 dominum
1642 2802 1877 2844 nostrum

283 2867 548 2915 Christum
606 2867 762 2915 fuisse
823 2867 1154 2922 monachum,
1215 2865 1452 2914 videlicet
1510 2864 1767 2919 abbatem,
1825 2870 1877 2911 et

281 2940 517 2982 sanctum
566 2934 783 2981 Petrum
829 2935 1066 2999 priorem,
1110 2940 1162 2982 et
1205 2932 1391 2980 Iudam
1434 2930 1709 2979 Schariotis
1751 2930 1878 2978 cele·
1912 2950 1970 2980 145

330 3057 371 3077 ¹²⁶
399 3061 544 3102 C'olle9.:
573 3059 610 3091 in
639 3057 728 3091 1516
752 3058 816 3092 the
844 3057 1065 3092 Cistercians
1090 3056 1259 3091 deserted
1284 3055 1349 3090 the
1379 3054 1530 3099 College
1559 3054 1601 3088 of
1621 3054 1674 3088 St.
1701 3053 1816 3088 Jacob
1841 3059 1880 3088 at

282 3107 465 3149 Schonau,
484 3117 572 3140 near
590 3104 826 3150 Heidelberg.

332 3153 373 3174 ¹⁴⁵
399 3155 456 3187 cel.
471 3165 483 3187 .·
500 3153 557 3186 for
575 3154 804 3186 cellerarium.

1044 3212 1140 3257 ⁶267
