2247 3637
350 520 388 550 10

349 853 387 884 15

347 1189 386 1218 20

346 1521 384 1552 25

347 1856 385 1886 30

346 2189 385 2220 35

426 263 896 319 EPISTOLAE
959 263 1544 321 OBSCURORUM
1604 264 2011 321 VIRORUM

422 371 624 418 Doctor
648 369 934 418 multorum
965 387 1233 429 annorum,
1260 378 1312 420 et
1349 379 1428 420 est
1458 372 1743 437 profundus
1771 372 2011 428 Scotista,

423 442 475 485 et
500 442 578 485 est
602 436 752 485 valde
785 437 1014 486 cursivus
1043 438 1095 485 in
1126 438 1266 486 libris
1293 439 1690 488 Sententiarum.
1762 438 1885 487 Etia
1918 439 2014 487 scit

422 509 746 552 mentetenus
781 510 954 552 totum
989 504 1178 553 librum
1209 506 1453 554 Doctoris
1489 505 1651 554 sancti
1685 506 1749 554 de
1785 506 1926 554 Ente
1960 513 2014 554 et

422 570 675 619 Essentia.
770 570 845 618 Et
892 571 1224 620 Fortalitium
1283 573 1400 621 fidei
1459 579 1537 621 est
1583 572 1628 620 ei
1676 571 1807 621 sicut
1858 573 2017 621 Pater

421 644 632 694 noster;
691 644 743 686 et
795 654 884 702 per
932 645 1098 687 artem
1158 640 1549 688 memorativam
1601 639 1866 703 Impressit
1918 638 2013 688 sibi

421 704 757 753 formalitates
806 705 949 753 Scoti
996 705 1128 754 sicut
1181 722 1363 755 ceram.
1449 707 1523 754 Et
1566 706 1750 754 ultimo
1796 706 2016 755 scribitis

421 772 560 836 quod
602 777 680 820 est
726 772 1019 820 membrum
1057 772 1236 821 decem
1284 773 1694 822 universitatum.
1782 773 2015 821 Parcatis

422 837 562 895 mihi,
596 854 687 886 vos
723 838 844 886 estis
882 838 1207 903 incongruus.
1282 841 1421 897 Quia
1456 857 1620 888 unum
1652 841 1870 889 menbrsi
1908 856 2013 888 non

422 911 594 970 potest
618 906 803 953 habere
826 905 972 969 plura
1004 922 1241 970 corpora:
1279 908 1366 955 sed
1399 925 1488 973 per
1512 907 1823 956 contrarium
1848 924 2014 956 unum

421 989 603 1038 corpus
662 973 792 1020 bene
849 971 1007 1020 habet
1074 972 1221 1037 plura
1278 976 1522 1023 membra.
1630 975 1771 1031 Quia
1829 991 2016 1039 corpus

421 1039 708 1087 humanum
749 1038 903 1086 habet
947 1039 1136 1105 Caput,
1177 1041 1345 1104 pedes,
1390 1058 1589 1097 manus,
1632 1041 1850 1097 brachia,
1890 1058 2015 1090 ven—

420 1112 570 1163 trem,
613 1105 865 1171 priapum,
909 1105 989 1154 vel
1036 1106 1246 1155 vulvam
1298 1108 1338 1156 si
1391 1115 1468 1158 est
1515 1108 1709 1157 mulier.
1804 1108 1880 1157 Et
1924 1125 2018 1173 pes

421 1178 498 1221 est
523 1173 815 1222 membrum
841 1173 1078 1231 hominis,
1104 1180 1157 1222 et
1184 1181 1339 1239 caput
1363 1182 1443 1224 est
1466 1176 1758 1224 membrum
1792 1175 2014 1224 hominis

421 1246 515 1288 etc,
611 1240 686 1288 Et
742 1246 916 1288 totum
964 1241 1162 1306 Corpus
1220 1242 1440 1291 hominis
1486 1243 1642 1290 habet
1689 1243 1784 1291 sub
1831 1260 1884 1291 se
1929 1242 2014 1290 illa

421 1307 667 1364 membra,
701 1313 754 1355 et
806 1307 894 1355 illa
931 1310 1165 1356 membra
1206 1309 1426 1358 subsunt
1460 1310 1579 1358 huic
1617 1310 1847 1375 Corpori,
1881 1310 2013 1358 sicut

420 1373 610 1438 species
647 1390 738 1421 suo
775 1374 963 1439 generi.
1038 1375 1138 1423 Sed
1174 1376 1376 1424 nullum
1412 1377 1628 1425 istorum
1665 1378 2014 1425 membrorum

419 1441 576 1489 habet
600 1441 694 1488 sub
720 1457 771 1488 se
794 1441 940 1506 plura
965 1442 1204 1507 Corpora.

523 1508 625 1556 Sed
661 1507 701 1556 si
734 1509 901 1557 velitis
937 1508 1102 1557 dicere
1127 1511 1265 1573 quod
1301 1510 1416 1557 talis
1442 1510 1694 1575 Magister
1730 1517 1903 1559 noster
1938 1517 2014 1559 est

421 1575 620 1640 Corpus
645 1576 823 1624 decem
856 1575 1266 1633 universitatum,
1292 1578 1481 1625 iterum
1516 1594 1613 1641 ego
1638 1578 1823 1627 vellem
1847 1594 2018 1642 repre·

420 1642 641 1690 hendere
682 1659 784 1690 vos.
872 1643 1011 1700 Quia
1057 1644 1126 1691 ibi
1172 1650 1380 1708 putaret
1415 1644 1611 1708 aliquis,
1654 1646 1794 1709 quod
1835 1646 2015 1694 decem

421 1709 797 1758 Universitates
833 1717 1002 1759 essent
1043 1712 1274 1759 membra
1309 1711 1443 1759 illius
1479 1713 1710 1776 magistri
1746 1713 1922 1766 nostri,
1959 1719 2016 1761 et

420 1777 560 1839 quod
601 1776 709 1841 ipse
756 1783 1012 1826 constaret
1061 1795 1124 1826 ex
1171 1778 1350 1826 decem
1398 1778 1850 1837 universitatibus;
1910 1797 2015 1843 quo

421 1842 589 1907 posito
623 1844 779 1892 fuerit
817 1844 1113 1893 scandalum
1153 1844 1251 1893 illis
1289 1846 1345 1892 X
1378 1846 1794 1894 universitatibus
1841 1852 1894 1894 et
1933 1847 2015 1911 ipe

421 1909 798 1959 minorarentur
845 1911 1059 1960 exinde:
1120 1929 1239 1959 cum
1292 1929 1424 1960 unus
1470 1912 1627 1960 homo
1670 1913 1810 1977 (quia
1855 1912 2011 1961 etiam

421 1977 651 2042 magistri
699 1978 876 2034 nostri,
919 1978 1051 2026 sicut
1099 1978 1251 2034 scitiS,
1294 1985 1415 2027 sunt
1462 1979 1715 2040 homines)
1760 1981 2015 2029 diceretur

420 2060 528 2092 esse
551 2044 753 2109 dignior
776 2050 857 2093 tot
882 2046 1300 2094 universitatibus
1322 2063 1332 2094 :
1370 2046 1509 2109 quod
1535 2052 1611 2095 est
1639 2047 1800 2096 Casus
1825 2047 2018 2112 impos-

420 2110 591 2168 sibilis,
616 2111 736 2175 quia
760 2112 915 2160 etiam
941 2113 1143 2161 Doctor
1174 2119 1379 2161 sanctus
1404 2130 1507 2162 non
1532 2120 1609 2162 est
1633 2114 1748 2179 plus
1773 2131 1930 2179 quam
1958 2114 2013 2161 X

422 2178 812 2227 UniversitateS.

524 2246 804 2302 Quomodo
847 2262 968 2310 ergo
1010 2246 1249 2295 volumus
1286 2247 1573 2303 emendare,
1615 2248 1754 2312 quod
1797 2248 2018 2296 dicimus

420 2319 558 2360 recte
579 2315 596 2360 ἓ
666 2312 985 2367 Advertatis,
1011 2313 1128 2378 quia
1164 2320 1241 2362 est
1265 2314 1495 2377 quaestio
1532 2315 1758 2363 multum
1783 2315 2017 2363 difficilis.

421 2378 495 2427 Et
529 2379 763 2443 quamvis
809 2380 1032 2444 pertinet
1071 2381 1134 2428 ad
1180 2381 1599 2446 grammaticalia,
1641 2388 1817 2430 tamen
1858 2381 2014 2430 etiam

421 2446 590 2511 plures
616 2446 854 2511 Magistri
880 2448 1039 2496 nostri
1064 2464 1168 2496 non
1194 2447 1376 2496 sciunt.

467 2568 481 2588 ⁹
498 2571 669 2604 curs-ivus.
711 2569 787 2603 Not
800 2570 836 2603 in
855 2569 918 2604 the
936 2569 1183 2605 vocabularies
1253 2571 1466 2613 Saracenos,
1496 2570 1673 2616 Alios-que
1701 2571 1900 2606 christiane
1930 2571 2014 2606 fidei

422 2617 459 2650 in
489 2617 564 2651 this
592 2628 712 2659 sense,
738 2617 806 2650 but
836 2616 893 2650 Du
928 2616 1051 2662 (lange
1083 2619 1184 2662 gives

420 2665 440 2681 “
454 2664 606 2697 Cursiva
624 2663 836 2707 Italicaua‚”
852 2675 914 2698 ΞΝ.
935 2664 1184 2710 “Scriptura''

424 2711 479 2744 Cf.
497 2711 532 2745 ii.
552 2713 609 2745 55.

471 2767 484 2786 ⁹
501 2770 574 2802 Lib.
594 2772 685 2803 Sem.
737 2769 804 2803 See
823 2769 844 2804 i.
866 2769 922 2812 ll,
940 2780 974 2803 ⁷1.

471 2830 498 2849 ¹⁰
514 2834 611 2866 Doct.
623 2837 733 2866 sanct.
745 2844 757 2866 :
774 2834 828 2866 2‘.e.
840 2832 998 2866 Thomas
1011 2832 1185 2877 Aquinas.

425 2878 494 2912 His
513 2880 543 2912 T
540 2883 698 2913 metatus
714 2881 755 2913 de
771 2881 861 2913 Ente
876 2884 907 2914 et
928 2882 1089 2914 Essentia
1113 2880 1185 2914 had

425 2925 516 2959 been
554 2926 703 2971 printed
738 2925 880 2960 several
916 2928 1024 2961 times
1061 2926 1185 2961 before

427 2972 528 3009 1517.

474 3034 500 3053 11
518 3037 613 3069 For-t.
637 3036 704 3078 fid.
772 3037 839 3070 See
881 3037 902 3070 i.
937 3036 995 3079 22,
1029 3048 1063 3071 τι.
1130 3037 1186 3082 By

426 3080 639 3126 Alphonsus
666 3095 687 3116 a
716 3083 841 3128 Spina,
875 3084 938 3128 Bp.
965 3084 1008 3118 of
1032 3083 1184 3119 Oreuse.

427 3128 452 3144 “
469 3128 703 3163 Fortalicium
746 3130 829 3164 fidei
871 3135 999 3164 contra
1044 3130 1184 3174 iudeos,

1252 2617 1454 2652 inimicos.''

1300 2663 1445 2707 ¹³Jbrm.
1479 2667 1580 2699 Scoti.
1644 2667 1841 2708 (hle-stiones
1870 2667 2012 2699 Miscell.

1253 2713 1293 2745 de
1326 2713 1626 2754 Formalitatibus,
1652 2712 1856 2746 attributed
1881 2716 1920 2746 to
1949 2712 2014 2746 the

1253 2757 1422 2793 “Subtle
1458 2758 1628 2793 Doctor.’'
1699 2759 1767 2793 See
1798 2758 2018 2804 WVadding’s

1253 2805 1336 2839 edu.
1359 2806 1401 2840 of
1415 2805 1518 2840 Duns
1536 2806 1681 2849 Scotus,
1700 2805 1768 2840 vol.
1790 2806 1854 2849 iii„
1877 2806 1976 2840 1639.

1300 2851 1481 2887 1³veram:
1509 2864 1556 2886 an
1581 2853 1750 2899 amusing
1776 2852 1932 2888 blunder
1958 2852 2018 2887 for

1251 2911 1358 2933 cerae.

1300 2945 1326 2963 ¹⁴²
1345 2948 1457 2980 decem
1473 2948 1568 2979 univ.
1624 2946 1678 2980 (ff,
1696 2946 1718 2980 i.
1742 2947 1797 2989 ll,
1815 2958 1851 2981 η.

1301 2992 1327 3010 ¹⁵
1345 2995 1568 3037 inemzyruus.
1621 2994 1789 3027 “Oratio
1824 3020 1832 3028 .
1870 3020 1878 3029 .
1917 3018 1924 3026 .
1960 2992 2017 3026 in-

1253 3050 1416 3083 congrua
1441 3044 1497 3074 est
1521 3051 1613 3084 quae
1638 3052 1713 3075 nou
1737 3044 1794 3075 est
1817 3039 2016 3074 conformis

1253 3091 1309 3119 est
1338 3085 1475 3131 regulis
1504 3098 1572 3121 nec
1601 3087 1727 3132 figuris
1757 3086 2020 3131 permissivis.’'

1254 3134 1333 3176 1309.
1353 3145 1446 3177 (rony.
1466 3137 1497 3167 et
1504 3134 1569 3177 fiy.
1588 3138 1772 3169 coustmoet.
1792 3133 1925 3177 (1505).

1187 3191 1280 3234 164
