2912 4368
777 1084 815 1111 65

779 2569 816 2599 10

780 2908 817 2937 15

852 762 1319 818 EPISTOLAE
1383 762 1974 819 OBSCURORUM
2029 760 2437 818 VIRORUM

848 877 925 918 est
950 870 1025 917 vir
1049 870 1197 918 valde
1222 871 1445 927 zelosus;
1482 877 1533 918 et
1560 870 1709 917 credo
1738 870 1877 933 quod
1906 870 1989 917 isti
2025 869 2231 917 iuristae
2267 875 2320 916 et
2355 868 2438 916 alii

847 937 1052 1002 fingunt
1076 938 1212 995 talia,
1238 945 1291 986 et
1314 938 1494 986 doctor
1524 936 1780 985 Reuchlin
1817 937 1910 984 scit
1945 936 2063 1001 ipsis
2099 935 2171 983 ita
2208 935 2437 991 blandiri,

849 1005 969 1067 quia
1015 1005 1170 1052 etiam
1218 1005 1389 1052 audivi
1441 1004 1578 1066 quod
1638 1003 1832 1051 multae
1891 1002 2139 1059 civitates,
2188 1009 2241 1051 et
2287 1002 2439 1049 multi

849 1071 1114 1136 principes,
1147 1089 1201 1119 ac
1233 1071 1425 1119 domini
1455 1070 1764 1134 scripserunt
1799 1087 1889 1135 pro
1926 1087 1999 1118 eo.
2073 1071 2147 1118 Et
2182 1076 2259 1117 est
2294 1069 2438 1124 ratio,

850 1138 969 1202 quia
998 1156 1099 1186 non
1131 1146 1250 1186 sunt
1278 1139 1328 1186 in
1360 1137 1620 1201 theologia
1656 1137 1906 1192 instructi,
1932 1144 1983 1185 et
2012 1154 2115 1185 non
2145 1137 2440 1200 intelligunt

849 1205 1075 1253 factum:
1125 1205 1243 1253 alias
1286 1205 1643 1268 permitterent
1690 1205 1847 1252 istum
1895 1205 2208 1252 haereticum
2257 1204 2441 1250 habere

850 1272 1128 1328 diabolum,
1155 1273 1273 1334 quia
1297 1278 1373 1319 est
1399 1278 1575 1319 contra
1599 1271 1769 1328 fidem,
1796 1272 1951 1320 etiam
1976 1272 2015 1318 si
2043 1278 2185 1319 totus
2216 1270 2440 1318 mundus

849 1339 1037 1387 diceret
1063 1339 1386 1386 contrarium.
1448 1339 1555 1386 Vos
1575 1339 1771 1387 debetis
1797 1339 1893 1386 ista
1917 1339 2091 1386 statim
2117 1337 2442 1386 manifestare

850 1407 1101 1469 magistris
1144 1405 1327 1453 nostris
1369 1405 1420 1452 in
1457 1405 1687 1463 Colonia,
1725 1407 1864 1469 quod
1900 1406 2069 1453 sciunt
2110 1422 2286 1469 capere
2324 1421 2441 1453 con-

849 1473 1032 1520 silium.
1128 1472 1202 1520 Et
1250 1472 1478 1521 scribatis
1525 1473 1650 1520 mihi
1697 1473 1820 1536 quid
1868 1473 2051 1520 volunt
2096 1473 2273 1520 facere.
2369 1471 2443 1519 Et

849 1540 1012 1587 valete
1037 1540 1088 1587 in
1115 1539 1335 1587 Christo.

955 1624 1106 1660 Datum
1128 1626 1168 1660 in
1188 1623 1384 1660 TU31NGA.

1570 1765 1718 1812 XIII

1011 1886 1073 1933 ([
1112 1885 1190 1933 M.
1233 1885 1665 1933 CONRADUS
1693 1886 1811 1932 DE
1844 1886 2122 1934 ZUICCA
2139 1885 2271 1933 VIA

1397 1954 1446 1999 S.
1477 1953 1548 2000 D.
1578 1954 1655 2000 M.
1689 1953 1903 2001 Ortvim)

943 2085 1121 2133 ICUT
1149 2085 1413 2151 scripsistis
1439 2086 1562 2134 mihi
1588 2086 1726 2149 quod
1753 2104 1855 2134 non
1880 2088 2097 2150 amplius
2124 2087 2310 2134 curatis
2336 2086 2444 2134 illas

974 2152 1224 2207 levitates,
1253 2160 1304 2201 et
1330 2170 1432 2200 non
1458 2154 1676 2217 amplius
1702 2154 1857 2201 vultis
1888 2171 2056 2202 amare
2086 2153 2337 2209 mulieres,
2364 2153 2445 2201 vel

847 2236 1147 2284 supponere,
1175 2220 1269 2267 nisi
1295 2221 1346 2267 in
1373 2237 1545 2268 mense
1572 2221 1743 2277 semel,
1771 2228 1860 2268 aut
1886 2221 1977 2276 bis,
2005 2238 2100 2286 ego
2126 2222 2281 2268 miror
2304 2220 2444 2284 quod

848 2286 969 2334 talia
1011 2287 1241 2335 scribitis.
1315 2288 1513 2335 Tamen
1549 2304 1645 2351 ego
1682 2288 1784 2336 scio
1827 2289 2151 2336 contrarium.
2225 2287 2322 2334 Est
2363 2288 2446 2335 hic

848 2371 980 2401 unus
1023 2355 1185 2402 socius
1228 2354 1315 2417 qui
1354 2372 1515 2419 nuper
1552 2355 1693 2402 venit
1735 2372 1797 2402 ex
1843 2356 2070 2411 Colonia,
2109 2362 2161 2403 et
2203 2356 2331 2403 bene
2368 2360 2445 2403 est

849 2421 991 2468 vobis
1021 2428 1189 2476 notus,
1218 2428 1269 2469 et
1306 2422 1405 2469 fuit
1442 2422 1598 2469 etiam
1635 2439 1832 2487 semper
1868 2423 1936 2470 ibi
1974 2423 2252 2469 vobiscum.
2328 2422 2446 2487 Ipse

850 2487 974 2535 dicit
1009 2490 1147 2551 quod
1185 2489 1471 2553 supponitis
1508 2506 1721 2537 uxorem
1761 2490 1965 2538 Ioannis
2003 2490 2355 2537 Pfefferkorn:
2393 2495 2445 2536 et

851 2554 982 2601 dixit
1030 2555 1152 2603 mihi
1201 2557 1461 2613 veraciter,
1505 2563 1557 2604 et
1598 2556 1798 2614 iuravit,
1843 2564 1895 2604 et
1941 2574 2035 2621 ego
2078 2557 2227 2604 credo
2270 2556 2441 2603 etiam.

851 2621 988 2677 Quia
1031 2639 1118 2668 vos
1167 2623 1285 2670 estis
1328 2623 1476 2670 valde
1517 2623 1811 2680 amicabilis,
1856 2631 1908 2672 et
1949 2625 2105 2672 etiam
2148 2624 2284 2671 scitis
2326 2623 2445 2670 dare

852 2688 984 2735 bona
1009 2690 1172 2737 verba.
1246 2689 1319 2736 Et
1351 2707 1469 2738 cum
1500 2690 1595 2737 hoc
1626 2692 1763 2738 scitis
1797 2691 2019 2755 perfecte
2048 2697 2211 2738 artem
2240 2690 2445 2738 amandi

851 2771 914 2802 ex
947 2755 1147 2802 Ovidio.
1222 2756 1398 2804 Etiam
1436 2757 1566 2804 dixit
1604 2758 1727 2805 mihi
1765 2758 1975 2821 quidam
2015 2765 2280 2812 mercator,
2306 2757 2445 2820 quod

852 2822 1032 2869 dicunt
1079 2822 1324 2871 Coloniae
1371 2824 1509 2886 quod
1562 2825 1804 2888 magister
1852 2832 2024 2873 noster
2071 2824 2335 2872 Arnoldus
2383 2823 2447 2871 de

853 2889 1105 2953 Tungaris
1154 2889 1308 2937 etiam
1351 2891 1593 2954 supponit
1641 2909 1788 2948 eam3
1837 2893 1922 2939 sed
1966 2893 2061 2940 hoc
2104 2909 2206 2940 non
2249 2907 2444 2947 verum,

851 2955 971 3018 quia
1012 2972 1106 3019 ego
1143 2956 1244 3003 scio
1282 2957 1524 3005 veraciter
1560 2959 1697 3020 quod
1734 2960 1840 3022 ipse
1877 2960 2042 3006 adhuc
2085 2966 2161 3006 est
2197 2959 2355 3021 virgo,
2394 2963 2448 3004 et

901 3068 928 3086 ⁶⁴
953 3071 1073 3103 audiri
1091 3072 1192 3112 quod,
1214 3070 1279 3103 xc.
1321 3070 1502 3103 Reuchlin
1522 3070 1613 3103 him-
1732 3071 1757 3089 ¹⁶
1786 3074 1887 3114 viryn.
1933 3072 1975 3104 In
1994 3083 2093 3105 some
2113 3083 2233 3105 verses
2251 3070 2443 3115 appended

853 3116 932 3159 self,
953 3117 990 3150 in
1012 3129 1032 3149 a
1056 3116 1167 3150 letter
1193 3121 1230 3150 to
1259 3116 1329 3150 Leo
1349 3117 1405 3158 X.,
1426 3117 1526 3151 «June
1556 3118 1610 3159 153,
1684 3123 1721 3151 to
1746 3119 1808 3152 the
1835 3119 2161 3152 ”Lamentationes
2191 3118 2443 3151 Obscurorum

858 3164 963 3206 1515,
999 3164 1183 3197 mentions
1224 3175 1359 3208 among
1400 3164 1455 3196 his
1496 3165 1613 3197 active
1684 3164 1898 3198 virorum¹³
1973 3165 2135 3198 Joannes
2210 3164 2446 3199 Murmellius

853 3215 1066 3255 supporters
1084 3210 1146 3244 the
1170 3211 1344 3255 Emperor
1371 3210 1614 3252 Maximilian,
1684 3212 1924 3254 (1479-1517)
1966 3224 2047 3256 says
2092 3213 2133 3246 of
2178 3211 2320 3245 Arnold
2371 3223 2443 3245 von

852 3258 916 3290 the
944 3258 1098 3302 Bishops
1129 3257 1169 3291 of
1194 3258 1392 3299 strasburg
1420 3258 1491 3290 and
1519 3258 1612 3291 Con-
1682 3259 1928 3303 Tongernz—

852 3309 992 3347 stance,
1034 3305 1097 3338 the
1139 3304 1288 3338 Elector
1340 3304 1534 3338 Frederick
1577 3305 1617 3337 of

852 3351 1161 3396 Saxony,1'l1·i‹·h,
1178 3351 1282 3385 1)qu
1297 3351 1614 3395 ofWurtemburg
1685 3333 1705 3344 ¹¹
1725 3329 1902 3361 hum-nas
1936 3339 2041 3371 cnjus
2074 3327 2184 3372 longe
2215 3332 2381 3373 pervemt
2408 3339 2446 3361 111

1137 3399 1143 3407 ,
1160 3398 1166 3407 ,
1287 3399 1292 3405 .
1498 3399 1505 3405 .
1525 3399 1530 3405 .
1777 3376 1884 3408 urbes

851 3398 1125 3441 (Masterofthe
1146 3399 1157 3431 1
1169 3403 1316 3432 eutomc
1328 3398 1475 3441 Order),
1487 3400 1612 3432 hlteen
1722 3422 1865 3455 women
1924 3426 1962 3455 pt
2002 3423 2156 3455 insiffuis
2204 3422 2299 3455 fama
2368 3422 2446 3455 udi-

853 3445 985 3478 mitred
1004 3445 1131 3478 abbots
1145 3446 1312 3488 (infidam
1328 3446 1526 3488 ymantox),
1540 3446 1611 3478 and
1723 3447 1732 3455 ⁴
1777 3448 1921 3503 ciciassss'
1934 3448 1943 3455 ‘
2074 3448 2093 3465 ἢ
2219 3444 2228 3455 ‘
2341 3434 2364 3467 p

854 3490 1056 3535 fifty-three
1075 3492 1186 3536 burgs
1204 3492 1389 3535 (civitam)
1404 3493 1440 3525 in
1463 3492 1611 3525 Swabia.

900 3537 926 3555 ¹³
954 3540 1079 3572 ovidio.
1127 3539 1168 3571 ln
1186 3539 1403 3573 i.OConrad
1422 3539 1497 3572 also
1517 3540 1613 3573 twits
1687 3538 1918 3571 Murmellius
1946 3537 2015 3570 had
2044 3538 2135 3571 been
2162 3550 2182 3570 a
2208 3536 2307 3582 pupil
2340 3536 2381 3570 of
2403 3535 2446 3568 A.

852 3584 993 3618 Ortwin
1026 3585 1110 3618 with
1143 3586 1252 3630 being
1280 3598 1326 3619 an
1352 3586 1541 3631 authority
1567 3598 1612 3619 on
1685 3597 1754 3618 von
1796 3585 1849 3627 'l'.‚
1891 3585 1962 3618 and
2005 3586 2041 3618 in
2083 3585 2139 3618 his
2175 3580 2445 3628 “Scoparius,''

853 3631 957 3665 ovid.
1686 3633 1830 3666 written
1857 3631 2000 3675 shortly
2027 3632 2150 3666 before
2175 3631 2230 3664 his
2256 3630 2377 3671 death,
2403 3630 2447 3662 he

1611 3694 1672 3734 38
