2247 3637
313 572 350 601 45

312 905 350 934 50

312 1241 350 1271 55

313 1580 351 1610 60

315 1913 353 1943 65

316 2249 353 2279 70

317 2587 354 2617 75

319 2919 355 2948 80

389 245 860 301 EPISTOLAE
922 244 1514 302 OBSCURORUM
1568 245 1979 302 VIRORUM

384 353 496 400 illos
554 353 792 416 antiquos
855 359 907 400 et
970 352 1199 400 literatos
1257 354 1547 417 Theologos
1605 354 1694 417 qui
1752 352 1805 400 in
1863 369 1981 401 vera

384 420 497 467 luce
556 420 923 484 scripturarum
981 419 1387 468 ambulaverunt.
1486 420 1590 483 Ipsi
1642 426 1817 468 autem
1875 437 1980 467 non

385 487 553 534 sciunt
600 503 767 550 neque
808 486 991 533 latinas
1038 502 1203 550 neque
1249 503 1454 551 graecas
1501 503 1669 550 neque
1721 487 1980 535 hebraicas

385 554 572 609 literas,
622 559 681 600 ut
722 553 919 618 possint
954 553 1228 616 scripturas
1267 553 1564 616 intelligere.
1638 553 1711 600 Et
1747 571 1868 618 ergo
1904 571 1978 601 re-

385 621 506 668 licta
531 637 649 668 vera
686 627 739 668 et
774 619 1016 684 origenali
1041 620 1339 684 Theologia,
1366 620 1492 667 nihil
1528 620 1747 684 amplius
1784 621 1980 668 faciunt

384 687 481 736 nisi
516 688 656 751 quod
681 687 945 751 disputant
982 693 1034 734 et
1070 694 1497 751 argumentantur
1532 693 1585 734 et
1621 694 1832 736 movent
1869 687 1979 735 inu-

385 755 501 804 tiles
525 755 862 818 quaestiones.
937 754 1011 801 Et
1042 753 1139 801 ista
1173 754 1405 802 faciendo
1429 754 1610 801 dicunt
1636 771 1687 801 se
1710 754 1981 802 defendere

385 823 540 870 fidem
562 822 898 876 Catholicam,
916 837 1035 868 eum
1057 827 1234 868 tamen
1257 822 1517 869 neminem
1541 821 1678 884 apud
1695 838 1745 868 se
1761 822 1981 869 habeant

386 889 474 953 qui
500 895 696 953 pugnat
717 895 894 936 contra
920 888 1087 936 fidem.
1150 889 1223 936 Et
1247 889 1317 936 516
1343 888 1593 935 inutiliter
1610 888 1833 952 perdunt
1852 895 1980 936 tem-

385 973 508 1021 pora
550 963 601 1003 et
639 972 743 1002 non
785 955 1057 1003 conferunt
1094 955 1317 1019 aliquam
1356 955 1636 1002 utilitatem
1678 955 1728 1002 in
1771 956 1982 1003 ecclesia

386 1023 479 1070 dei.
578 1023 677 1070 Sed
727 1023 767 1070 si
814 1023 1187 1086 disputationes
1233 1039 1408 1070 eorum
1458 1022 1704 1070 haberent
1757 1022 1981 1086 aliquam

386 1089 684 1145 utilitatem,
720 1096 846 1137 tunc
883 1095 1098 1154 possunt
1134 1089 1273 1136 illam
1311 1097 1505 1137 vertere
1548 1090 1611 1136 ad
1649 1089 1980 1136 commodum

385 1157 624 1205 ecclesiae
656 1156 772 1204 fidei
799 1156 1095 1204 Catholicae
1130 1156 1300 1203 eundo
1335 1174 1424 1220 per
1460 1156 1715 1204 mundum
1752 1163 1802 1203 et
1839 1173 1979 1220 prae-

385 1224 552 1271 dicare
588 1224 802 1271 verbum
838 1224 920 1271 dei
956 1225 1088 1271 sicut
1123 1223 1382 1288 Apostoli,
1422 1230 1475 1271 et
1512 1223 1769 1287 disputaie
1807 1230 1983 1270 contra

387 1291 611 1339 Graecos
636 1291 775 1354 quod
794 1291 1034 1339 r’edeant
1022 1307 1074 1337 111
1093 1291 1336 1338 unionem
1357 1307 1475 1337 611111
1495 1291 1705 1338 66616513
1726 1291 1977 1338 Romana.

386 1359 435 1404 V
438 1358 485 1406 el
522 1358 561 1405 si
598 1375 701 1405 non
726 1358 917 1406 vellent
948 1358 1101 1422 longe
1138 1357 1289 1413 abire,
1315 1358 1498 1405 saltem
1527 1357 1659 1405 irent
1691 1358 1743 1405 in
1771 1358 1981 1405 Boemia

387 1425 751 1473 concludentes
789 1425 941 1472 Illam
976 1431 1189 1489 gentem
1215 1441 1332 1472 cum
1358 1425 1699 1489 Argumentis
1736 1431 1789 1472 et
1816 1425 1981 1488 Syllo-

384 1493 560 1556 gismis
597 1493 711 1540 suis,
786 1492 887 1539 Sed
921 1493 1017 1540 hoc
1054 1509 1157 1539 non
1192 1492 1403 1539 faciunt.
1481 1494 1673 1540 Verum
1709 1491 1778 1539 ibi
1815 1493 1981 1556 dispu-

385 1567 502 1607 tant
529 1560 617 1607 ubi
643 1576 746 1606 non
771 1566 849 1607 est
874 1577 1031 1623 opus:
1071 1567 1081 1585 ‘
1104 1559 1245 1623 Ergo
1271 1559 1497 1606 visitabit
1522 1576 1606 1606 eos
1631 1559 1870 1607 dominus
1892 1560 1901 1575 ⁷
1929 1565 1982 1606 et

386 1627 563 1675 mittet
586 1627 837 1719 quosdam
863 1627 986 1674 alios
1003 1627 1258 1673 Doctores
1282 1642 1475 1689 graece,
1496 1626 1652 1673 latine
1677 1633 1730 1674 et
1749 1626 1982 1674 hebraice

387 1695 580 1749 doctos,
629 1694 717 1757 qui
767 1694 968 1741 ‘eiectis
1016 1694 1113 1741 illis
1155 1693 1412 1747 faecibus‚’
1465 1694 1608 1741 Idest
1656 1694 1836 1741 ablatis
1885 1693 1982 1741 illis

387 1761 573 1825 ineptis
601 1760 1024 1808 Cavillationibus
1049 1767 1102 1807 et
1127 1760 1423 1807 adulterinis
1461 1760 1773 1824 Theologiae
1809 1767 1860 1808 et
1897 1761 1982 1808 ob-

388 1828 543 1876 scuris
591 1827 1126 1883 commentationibus,
1174 1827 1429 1874 adducent
1476 1827 1705 1875 1116611135
1769 1844 1881 1874 51135
1929 1833 1982 1875 61

388 1895 718 1942 illustiabunt
764 1895 1050 1958 ser-iptmas,
1104 1901 1156 1942 et
1201 1894 1475 1942 165111116111
1521 1894 1665 1942 nobis
1714 1894 1980 1957 antiquam

388 1969 440 2010 et
476 1978 649 2009 veram
687 1961 1038 2025 Theologiam‚
1076 1961 1206 2008 sicut
1249 1978 1409 2024 nuper
1445 1961 1529 2009 ille
1564 1962 1981 2025 praenominatus

388 2029 634 2076 Erasmus
681 2028 975 2076 emendavit
1023 2027 1175 2075 libros
1219 2027 1379 2075 sancti
1424 2028 1732 2083 Hieronimi,
1773 2035 1824 2075 et
1860 2028 1981 2075 fecit

388 2112 473 2143 eos
501 2096 748 2159 Imprimi.
823 2095 1001 2143 Etiam
1028 2095 1322 2142 emendavit
1359 2111 1554 2142 novum
1589 2101 1979 2151 testamentum,

387 2163 526 2226 quod
573 2180 669 2227 ego
718 2163 867 2210 credo
905 2179 1012 2210 esse
1051 2162 1228 2209 maiori
1265 2161 1477 2209 utilitati
1513 2179 1669 2225 quam
1717 2162 1755 2210 si
1799 2162 1983 2226 viginti

389 2230 527 2278 milia
547 2230 798 2277 Scotistae
818 2229 898 2277 vel
924 2230 1222 2277 Thomistae
1242 2235 1451 2276 centum
1476 2246 1635 2276 annos
1660 2229 1982 2293 disputarent

389 2297 452 2345 de
477 2297 618 2345 Ente
643 2304 695 2345 et
719 2297 980 2345 essentia.”
1065 2297 1351 2361 Postquam
1387 2296 1518 2344 dixit
1553 2296 1689 2351 talia,
1717 2296 1982 2361 Respondi

388 2380 512 2428 ego:
552 2372 579 2391 ‘⁶
602 2364 875 2412 Custodiat
910 2380 993 2411 me
1028 2363 1265 2410 dominus
1298 2364 1437 2418 deus,
1464 2363 1588 2426 quid
1613 2363 1802 2411 audio?
1874 2365 1982 2411 Vos

387 2431 451 2479 de
486 2431 625 2478 facto
660 2431 779 2479 estis
814 2430 1359 2479 excommunicatus⁷':
1397 2436 1449 2477 et
1475 2430 1613 2478 volui
1649 2430 1785 2478 abire
1821 2431 1884 2477 ab
1921 2447 1981 2477 eo

387 2505 512 2546 tunc
537 2498 706 2546 tenuit
736 2515 818 2546 me
847 2498 1019 2545 dicens
1057 2497 1346 2544 “Audiatis
1378 2503 1552 2544 tamen
1588 2497 1786 2544 finem.”
1859 2497 1982 2544 Res-

387 2565 546 2629 pondi
594 2565 782 2613 “Nolo
829 2565 1002 2612 audire
1050 2564 1250 2612 finem.’'
1322 2564 1471 2611 Tunc
1511 2563 1642 2610 dixit
1692 2563 1981 2611 “Audiatis

389 2650 509 2696 ergo
558 2633 722 2680 solum
769 2631 1028 2696 quomodo
1069 2648 1323 2695 exponam
1359 2637 1580 2678 vestram
1617 2630 1982 2693 prophetiam.''

390 2699 464 2746 Et
489 2699 711 2763 cogitavi
736 2715 939 2746 mecum
964 2698 1102 2762 quod
1127 2698 1244 2745 volo
1277 2698 1478 2745 audire:
1515 2696 1634 2759 quia
1670 2696 1794 2744 nihil
1830 2704 1981 2745 nocet

390 2766 563 2813 audire
598 2783 760 2814 unum
797 2764 1317 2819 excommunicatum,
1344 2763 1626 2811 dummodo
1663 2764 1842 2827 aliquis
1877 2781 1981 2811 non

391 2833 520 2881 bibit
554 2834 634 2881 vel
668 2833 893 2881 comedit
923 2848 1109 2879 secum.
1183 2832 1331 2878 Tunc
1357 2831 1547 2895 incepit
1574 2831 1674 2878 sic:
1715 2839 1742 2857 ⁵⁶
1763 2839 1773 2856 ⁶
1791 2832 1980 2878 Attenw

391 2899 511 2954 dite,
539 2918 570 2948 o
604 2917 693 2948 vos
730 2898 1017 2964 philosophi
1048 2897 1435 2945 Coloniensesz'
1474 2898 1593 2945 Non
1626 2898 1756 2945 dixit
1785 2898 1981 2946 ‘Theo-

453 3026 643 3062 ‘IIieron:
691 3027 790 3072 publ.
810 3028 856 3072 by
876 3027 1017 3062 Froben
1038 3028 1074 3060 in
1095 3026 1192 3060 1516.
1245 3027 1335 3060 “St.
1354 3026 1505 3060 lei-ome
1522 3028 1552 3060 15
1577 3032 1616 3061 10
1640 3039 1774 3072 appear
1800 3027 1982 3072 complete

392 3028 510 3138 31Ξ1116
528 3079 619 3108 next
636 3075 835 3109 Frankfort
853 3075 946 3108 Fair.
952 3075 970 3089 '’
1020 3076 1191 3107 Emsmm
1207 3077 1240 3107 to
1258 3075 1395 3115 Fisher,
1418 3074 1480 3118 Ep.
1500 3073 1590 3107 cclv

454 3121 675 3156 51ιοι.τε19ΐ..·
704 3121 803 3167 publ.
824 3122 860 3155 in
880 3121 964 3156 le.b
987 3121 1074 3155 1516
1097 3121 1143 3165 by
1163 3120 1321 3163 Froben
1340 3120 1427 3154 nith
1448 3121 1655 3154 dedication
1674 3125 1712 3155 to
1733 3121 1805 3155 Leo
1825 3121 1872 3154 X.

1147 3181 1243 3222 238
