<?xml version="1.0" encoding="UTF-8"?>
<!DOCTYPE html PUBLIC "-//W3C//DTD XHTML 1.0 Transitional//EN"
    "http://www.w3.org/TR/xhtml1/DTD/xhtml1-transitional.dtd">
<html xmlns="http://www.w3.org/1999/xhtml" xml:lang="en" lang="en">
 <head>
  <title>
</title>
<meta http-equiv="Content-Type" content="text/html;charset=utf-8" />
  <meta name='ocr-system' content='tesseract 3.04.00' />
  <meta name='ocr-capabilities' content='ocr_page ocr_carea ocr_par ocr_line ocrx_word'/>
</head>
<body>
  <div class='ocr_page' id='page_1' title='image "./epistolaeobscuro00huttuoft_0323.png"; bbox 0 0 2247 3637; ppageno 0'>
   <div class='ocr_carea' id='block_1_1' title="bbox 214 243 1690 306">
    <p class='ocr_par' dir='ltr' id='par_1_1' title="bbox 214 243 1690 306">
     <span class='ocr_line' id='line_1_1' title="bbox 214 243 1690 306; baseline 0.003 -12"><span class='ocrx_word' id='word_1_1' title='bbox 214 256 267 295; x_wconf 91' lang='lat'>11.</span> <span class='ocrx_word' id='word_1_2' title='bbox 291 255 359 306; x_wconf 74' lang='lat'>26]</span> <span class='ocrx_word' id='word_1_3' title='bbox 480 245 540 300; x_wconf 94' lang='lat' dir='ltr'><strong>H</strong></span> <span class='ocrx_word' id='word_1_4' title='bbox 552 244 807 302; x_wconf 84' lang='lat' dir='ltr'>ENRIC</span> <span class='ocrx_word' id='word_1_5' title='bbox 820 244 919 300; x_wconf 82' lang='lat' dir='ltr'>US</span> <span class='ocrx_word' id='word_1_6' title='bbox 973 243 1490 300; x_wconf 77' lang='lat' dir='ltr'>SCHAFFSMU</span> <span class='ocrx_word' id='word_1_7' title='bbox 1503 243 1690 299; x_wconf 76' lang='lat' dir='ltr'>LIUS</span> 
     </span>
    </p>
   </div>
   <div class='ocr_carea' id='block_1_2' title="bbox 212 352 1822 2031">
    <p class='ocr_par' dir='ltr' id='par_1_2' title="bbox 212 352 1819 1813">
     <span class='ocr_line' id='line_1_2' title="bbox 212 352 1812 418; baseline -0.001 -16"><span class='ocrx_word' id='word_1_8' title='bbox 212 355 344 403; x_wconf 92' lang='lat' dir='ltr'>dixit</span> <span class='ocrx_word' id='word_1_9' title='bbox 369 354 494 401; x_wconf 87' lang='lat' dir='ltr'>mihi</span> <span class='ocrx_word' id='word_1_10' title='bbox 519 353 657 418; x_wconf 91' lang='lat' dir='ltr'>quod</span> <span class='ocrx_word' id='word_1_11' title='bbox 681 370 784 401; x_wconf 88' lang='lat' dir='ltr'>non</span> <span class='ocrx_word' id='word_1_12' title='bbox 819 352 978 400; x_wconf 89' lang='lat' dir='ltr'>credit</span> <span class='ocrx_word' id='word_1_13' title='bbox 1006 352 1145 417; x_wconf 92' lang='lat' dir='ltr'>quod</span> <span class='ocrx_word' id='word_1_14' title='bbox 1180 352 1503 400; x_wconf 84' lang='lat' dir='ltr'>Pfefferkorn</span> <span class='ocrx_word' id='word_1_15' title='bbox 1535 353 1701 401; x_wconf 89' lang='lat' dir='ltr'>adhuc</span> <span class='ocrx_word' id='word_1_16' title='bbox 1733 359 1812 400; x_wconf 84' lang='lat' dir='ltr'>est</span> 
     </span>
     <span class='ocr_line' id='line_1_3' title="bbox 215 419 1812 484; baseline -0.001 -14"><span class='ocrx_word' id='word_1_17' title='bbox 215 423 378 470; x_wconf 94' lang='lat' dir='ltr'>bonus</span> <span class='ocrx_word' id='word_1_18' title='bbox 422 421 753 469; x_wconf 77' lang='lat' dir='ltr'><strong>Christianus.</strong></span> <span class='ocrx_word' id='word_1_19' title='bbox 828 420 967 476; x_wconf 79' lang='lat' dir='ltr'>Quia</span> <span class='ocrx_word' id='word_1_20' title='bbox 1006 419 1137 467; x_wconf 89' lang='lat' dir='ltr'>dixit</span> <span class='ocrx_word' id='word_1_21' title='bbox 1185 421 1324 484; x_wconf 93' lang='lat' dir='ltr'>quod</span> <span class='ocrx_word' id='word_1_22' title='bbox 1367 419 1494 467; x_wconf 84' lang='lat' dir='ltr'>vidit</span> <span class='ocrx_word' id='word_1_23' title='bbox 1536 437 1654 468; x_wconf 89' lang='lat' dir='ltr'>eum</span> <span class='ocrx_word' id='word_1_24' title='bbox 1693 427 1812 469; x_wconf 88' lang='lat' dir='ltr'>ante</span> 
     </span>
     <span class='ocr_line' id='line_1_4' title="bbox 215 487 1808 537; baseline -0.001 -1"><span class='ocrx_word' id='word_1_25' title='bbox 215 506 378 537; x_wconf 90' lang='lat' dir='ltr'>unum</span> <span class='ocrx_word' id='word_1_26' title='bbox 420 505 613 536; x_wconf 87' lang='lat' dir='ltr'>annum</span> <span class='ocrx_word' id='word_1_27' title='bbox 656 495 708 536; x_wconf 91' lang='lat' dir='ltr'>et</span> <span class='ocrx_word' id='word_1_28' title='bbox 750 487 916 535; x_wconf 91' lang='lat' dir='ltr'>adhuc</span> <span class='ocrx_word' id='word_1_29' title='bbox 957 487 1187 535; x_wconf 75' lang='lat' dir='ltr'>foetebat</span> <span class='ocrx_word' id='word_1_30' title='bbox 1228 487 1360 534; x_wconf 89' lang='lat' dir='ltr'>sicut</span> <span class='ocrx_word' id='word_1_31' title='bbox 1401 487 1528 534; x_wconf 89' lang='lat' dir='ltr'>alius</span> <span class='ocrx_word' id='word_1_32' title='bbox 1574 488 1808 536; x_wconf 89' lang='lat' dir='ltr'>Iudaeus.</span> 
     </span>
     <span class='ocr_line' id='line_1_5' title="bbox 215 554 1813 618; baseline -0.001 -15"><span class='ocrx_word' id='word_1_33' title='bbox 215 556 290 603; x_wconf 87' lang='lat' dir='ltr'>Et</span> <span class='ocrx_word' id='word_1_34' title='bbox 336 563 510 603; x_wconf 88' lang='lat' dir='ltr'>tamen</span> <span class='ocrx_word' id='word_1_35' title='bbox 558 555 739 603; x_wconf 89' lang='lat' dir='ltr'>dicunt</span> <span class='ocrx_word' id='word_1_36' title='bbox 787 554 1142 609; x_wconf 87' lang='lat' dir='ltr'>communiter,</span> <span class='ocrx_word' id='word_1_37' title='bbox 1190 554 1330 618; x_wconf 89' lang='lat' dir='ltr'>quod</span> <span class='ocrx_word' id='word_1_38' title='bbox 1378 554 1583 617; x_wconf 91' lang='lat' dir='ltr'>quando</span> <span class='ocrx_word' id='word_1_39' title='bbox 1632 555 1813 602; x_wconf 89' lang='lat' dir='ltr'>Iudaei</span> 
     </span>
     <span class='ocr_line' id='line_1_6' title="bbox 217 621 1813 687; baseline -0.001 -16"><span class='ocrx_word' id='word_1_40' title='bbox 217 623 556 687; x_wconf 81' lang='lat' dir='ltr'>baptizantur,</span> <span class='ocrx_word' id='word_1_41' title='bbox 600 639 702 670; x_wconf 93' lang='lat' dir='ltr'>non</span> <span class='ocrx_word' id='word_1_42' title='bbox 744 622 962 685; x_wconf 86' lang='lat' dir='ltr'>amplius</span> <span class='ocrx_word' id='word_1_43' title='bbox 1002 622 1213 669; x_wconf 85' lang='lat' dir='ltr'>foetent.</span> <span class='ocrx_word' id='word_1_44' title='bbox 1287 621 1429 685; x_wconf 81' lang='lat' dir='ltr'>Ergo</span> <span class='ocrx_word' id='word_1_45' title='bbox 1478 621 1637 668; x_wconf 88' lang='lat' dir='ltr'>credit</span> <span class='ocrx_word' id='word_1_46' title='bbox 1672 622 1813 686; x_wconf 91' lang='lat' dir='ltr'>quod</span> 
     </span>
     <span class='ocr_line' id='line_1_7' title="bbox 216 687 1814 753; baseline -0.001 -16"><span class='ocrx_word' id='word_1_47' title='bbox 216 690 540 738; x_wconf 82' lang='lat' dir='ltr'>Pfefferkorn</span> <span class='ocrx_word' id='word_1_48' title='bbox 599 690 766 736; x_wconf 87' lang='lat' dir='ltr'>adhuc</span> <span class='ocrx_word' id='word_1_49' title='bbox 824 690 979 737; x_wconf 89' lang='lat' dir='ltr'>habet</span> <span class='ocrx_word' id='word_1_50' title='bbox 1036 705 1259 753; x_wconf 85' lang='lat' dir='ltr'>nequam</span> <span class='ocrx_word' id='word_1_51' title='bbox 1317 694 1434 752; x_wconf 90' lang='lat' dir='ltr'>post</span> <span class='ocrx_word' id='word_1_52' title='bbox 1486 704 1644 735; x_wconf 89' lang='lat' dir='ltr'>aures.</span> <span class='ocrx_word' id='word_1_53' title='bbox 1739 687 1814 737; x_wconf 92' lang='lat' dir='ltr'>Et</span> 
     </span>
     <span class='ocr_line' id='line_1_8' title="bbox 214 755 1813 820; baseline -0.001 -15"><span class='ocrx_word' id='word_1_54' title='bbox 214 757 421 820; x_wconf 89' lang='lat' dir='ltr'>quando</span> <span class='ocrx_word' id='word_1_55' title='bbox 471 756 722 820; x_wconf 84' lang='lat' dir='ltr'>Theologi</span> <span class='ocrx_word' id='word_1_56' title='bbox 772 758 982 805; x_wconf 84' lang='lat' dir='ltr'>credent</span> <span class='ocrx_word' id='word_1_57' title='bbox 1039 756 1178 819; x_wconf 91' lang='lat' dir='ltr'>quod</span> <span class='ocrx_word' id='word_1_58' title='bbox 1231 762 1309 804; x_wconf 86' lang='lat' dir='ltr'>est</span> <span class='ocrx_word' id='word_1_59' title='bbox 1361 755 1588 819; x_wconf 90' lang='lat' dir='ltr'>optimus</span> <span class='ocrx_word' id='word_1_60' title='bbox 1642 756 1813 803; x_wconf 87' lang='lat' dir='ltr'><strong>Chris-</strong></span> 
     </span>
     <span class='ocr_line' id='line_1_9' title="bbox 214 823 1813 879; baseline -0.001 -8"><span class='ocrx_word' id='word_1_61' title='bbox 214 823 400 878; x_wconf 87' lang='lat' dir='ltr'>tianus‚</span> <span class='ocrx_word' id='word_1_62' title='bbox 443 830 568 870; x_wconf 92' lang='lat' dir='ltr'>tunc</span> <span class='ocrx_word' id='word_1_63' title='bbox 611 823 799 872; x_wconf 83' lang='lat' dir='ltr'>iteruin</span> <span class='ocrx_word' id='word_1_64' title='bbox 842 824 937 872; x_wconf 91' lang='lat' dir='ltr'>erit</span> <span class='ocrx_word' id='word_1_65' title='bbox 980 824 1217 879; x_wconf 88' lang='lat' dir='ltr'>Iudaeus,</span> <span class='ocrx_word' id='word_1_66' title='bbox 1253 829 1306 871; x_wconf 90' lang='lat' dir='ltr'>et</span> <span class='ocrx_word' id='word_1_67' title='bbox 1347 823 1471 870; x_wconf 86' lang='lat' dir='ltr'>fides</span> <span class='ocrx_word' id='word_1_68' title='bbox 1507 839 1611 870; x_wconf 88' lang='lat' dir='ltr'>non</span> <span class='ocrx_word' id='word_1_69' title='bbox 1652 829 1729 870; x_wconf 86' lang='lat' dir='ltr'>est</span> <span class='ocrx_word' id='word_1_70' title='bbox 1767 823 1813 871; x_wconf 92' lang='lat' dir='ltr'>ei</span> 
     </span>
     <span class='ocr_line' id='line_1_10' title="bbox 214 890 1813 955; baseline -0.001 -17"><span class='ocrx_word' id='word_1_71' title='bbox 214 891 398 946; x_wconf 88' lang='lat' dir='ltr'>danda,</span> <span class='ocrx_word' id='word_1_72' title='bbox 424 891 545 954; x_wconf 89' lang='lat' dir='ltr'>quia</span> <span class='ocrx_word' id='word_1_73' title='bbox 569 907 745 938; x_wconf 88' lang='lat' dir='ltr'>omnes</span> <span class='ocrx_word' id='word_1_74' title='bbox 771 890 1001 938; x_wconf 89' lang='lat' dir='ltr'>homines</span> <span class='ocrx_word' id='word_1_75' title='bbox 1035 891 1226 938; x_wconf 90' lang='lat' dir='ltr'>habent</span> <span class='ocrx_word' id='word_1_76' title='bbox 1259 890 1447 937; x_wconf 89' lang='lat' dir='ltr'>malam</span> <span class='ocrx_word' id='word_1_77' title='bbox 1472 890 1813 955; x_wconf 81' lang='lat' dir='ltr'>suspicionem</span> 
     </span>
     <span class='ocr_line' id='line_1_11' title="bbox 214 957 1814 1021; baseline 0.001 -17"><span class='ocrx_word' id='word_1_78' title='bbox 214 958 277 1005; x_wconf 93' lang='lat' dir='ltr'>de</span> <span class='ocrx_word' id='word_1_79' title='bbox 306 958 509 1005; x_wconf 88' lang='lat' dir='ltr'>Iudaeis</span> <span class='ocrx_word' id='word_1_80' title='bbox 543 958 824 1021; x_wconf 87' lang='lat' dir='ltr'>baptizatis.</span> <span class='ocrx_word' id='word_1_81' title='bbox 898 958 1047 1006; x_wconf 88' lang='lat' dir='ltr'>Tunc</span> <span class='ocrx_word' id='word_1_82' title='bbox 1079 957 1184 1005; x_wconf 88' lang='lat' dir='ltr'>dixi</span> <span class='ocrx_word' id='word_1_83' title='bbox 1219 966 1247 984; x_wconf 79' lang='lat'>‘⁶</span> <span class='ocrx_word' id='word_1_84' title='bbox 1267 958 1453 1005; x_wconf 83' lang='lat' dir='ltr'>Sancte</span> <span class='ocrx_word' id='word_1_85' title='bbox 1489 959 1630 1013; x_wconf 85' lang='lat' dir='ltr'>deus,</span> <span class='ocrx_word' id='word_1_86' title='bbox 1658 957 1814 1006; x_wconf 85' lang='lat' dir='ltr'>vultis</span> 
     </span>
     <span class='ocr_line' id='line_1_12' title="bbox 214 1025 1814 1089; baseline 0 -17"><span class='ocrx_word' id='word_1_87' title='bbox 214 1042 427 1089; x_wconf 84' lang='lat' dir='ltr'>arguere</span> <span class='ocrx_word' id='word_1_88' title='bbox 491 1040 555 1072; x_wconf 90' lang='lat' dir='ltr'>ex</span> <span class='ocrx_word' id='word_1_89' title='bbox 619 1025 1019 1089; x_wconf 81' lang='lat' dir='ltr'>suspicionibus:</span> <span class='ocrx_word' id='word_1_90' title='bbox 1097 1026 1327 1073; x_wconf 88' lang='lat' dir='ltr'>homines</span> <span class='ocrx_word' id='word_1_91' title='bbox 1393 1026 1610 1073; x_wconf 89' lang='lat' dir='ltr'>credunt</span> <span class='ocrx_word' id='word_1_92' title='bbox 1673 1025 1814 1088; x_wconf 93' lang='lat' dir='ltr'>quod</span> 
     </span>
     <span class='ocr_line' id='line_1_13' title="bbox 217 1091 1815 1156; baseline 0.001 -17"><span class='ocrx_word' id='word_1_93' title='bbox 217 1092 396 1140; x_wconf 90' lang='lat' dir='ltr'>Iudaei</span> <span class='ocrx_word' id='word_1_94' title='bbox 445 1091 687 1155; x_wconf 86' lang='lat' dir='ltr'>baptizati</span> <span class='ocrx_word' id='word_1_95' title='bbox 731 1100 852 1140; x_wconf 85' lang='lat' dir='ltr'>sunt</span> <span class='ocrx_word' id='word_1_96' title='bbox 899 1092 1018 1140; x_wconf 86' lang='lat' dir='ltr'>mali</span> <span class='ocrx_word' id='word_1_97' title='bbox 1056 1092 1360 1140; x_wconf 87' lang='lat' dir='ltr'>Christiani:</span> <span class='ocrx_word' id='word_1_98' title='bbox 1420 1109 1540 1156; x_wconf 85' lang='lat' dir='ltr'>ergo</span> <span class='ocrx_word' id='word_1_99' title='bbox 1598 1092 1815 1141; x_wconf 85' lang='lat' dir='ltr'>Pfeffer—</span> 
     </span>
     <span class='ocr_line' id='line_1_14' title="bbox 214 1159 1816 1223; baseline 0 -16"><span class='ocrx_word' id='word_1_100' title='bbox 214 1160 344 1207; x_wconf 88' lang='lat' dir='ltr'>korn</span> <span class='ocrx_word' id='word_1_101' title='bbox 369 1166 446 1207; x_wconf 86' lang='lat' dir='ltr'>est</span> <span class='ocrx_word' id='word_1_102' title='bbox 472 1159 635 1207; x_wconf 86' lang='lat' dir='ltr'>malus</span> <span class='ocrx_word' id='word_1_103' title='bbox 662 1159 1017 1208; x_wconf 73' lang='lat' dir='ltr'>Christianus?</span> <span class='ocrx_word' id='word_1_104' title='bbox 1089 1160 1210 1207; x_wconf 93' lang='lat' dir='ltr'>Non</span> <span class='ocrx_word' id='word_1_105' title='bbox 1243 1159 1500 1222; x_wconf 84' lang='lat' dir='ltr'>sequitur:</span> <span class='ocrx_word' id='word_1_106' title='bbox 1537 1176 1633 1223; x_wconf 85' lang='lat' dir='ltr'>ego</span> <span class='ocrx_word' id='word_1_107' title='bbox 1658 1160 1816 1208; x_wconf 90' lang='lat' dir='ltr'>etiam</span> 
     </span>
     <span class='ocr_line' id='line_1_15' title="bbox 214 1227 1817 1291; baseline 0 -17"><span class='ocrx_word' id='word_1_108' title='bbox 214 1243 415 1291; x_wconf 90' lang='lat' dir='ltr'>possem</span> <span class='ocrx_word' id='word_1_109' title='bbox 459 1227 701 1291; x_wconf 89' lang='lat' dir='ltr'>suspicari</span> <span class='ocrx_word' id='word_1_110' title='bbox 749 1227 887 1291; x_wconf 92' lang='lat' dir='ltr'>quod</span> <span class='ocrx_word' id='word_1_111' title='bbox 937 1227 1188 1291; x_wconf 81' lang='lat' dir='ltr'>Magister</span> <span class='ocrx_word' id='word_1_112' title='bbox 1236 1233 1409 1274; x_wconf 85' lang='lat' dir='ltr'>noster</span> <span class='ocrx_word' id='word_1_113' title='bbox 1451 1227 1716 1274; x_wconf 87' lang='lat' dir='ltr'>Arnoldus</span> <span class='ocrx_word' id='word_1_114' title='bbox 1752 1227 1817 1275; x_wconf 91' lang='lat' dir='ltr'>de</span> 
     </span>
     <span class='ocr_line' id='line_1_16' title="bbox 217 1293 1814 1358; baseline 0.001 -17"><span class='ocrx_word' id='word_1_115' title='bbox 217 1293 447 1358; x_wconf 87' lang='lat' dir='ltr'>Tungari</span> <span class='ocrx_word' id='word_1_116' title='bbox 489 1300 622 1342; x_wconf 89' lang='lat' dir='ltr'>esset</span> <span class='ocrx_word' id='word_1_117' title='bbox 658 1294 948 1342; x_wconf 84' lang='lat' dir='ltr'>zodomita:</span> <span class='ocrx_word' id='word_1_118' title='bbox 991 1293 1078 1341; x_wconf 91' lang='lat' dir='ltr'>sed</span> <span class='ocrx_word' id='word_1_119' title='bbox 1109 1300 1285 1342; x_wconf 86' lang='lat' dir='ltr'>tamen</span> <span class='ocrx_word' id='word_1_120' title='bbox 1318 1310 1422 1341; x_wconf 90' lang='lat' dir='ltr'>non</span> <span class='ocrx_word' id='word_1_121' title='bbox 1454 1301 1585 1342; x_wconf 83' lang='lat' dir='ltr'>esset</span> <span class='ocrx_word' id='word_1_122' title='bbox 1618 1311 1814 1350; x_wconf 76' lang='lat' dir='ltr'>verum,</span> 
     </span>
     <span class='ocr_line' id='line_1_17' title="bbox 216 1361 1813 1426; baseline 0.001 -18"><span class='ocrx_word' id='word_1_123' title='bbox 216 1361 357 1424; x_wconf 93' lang='lat' dir='ltr'>quod</span> <span class='ocrx_word' id='word_1_124' title='bbox 401 1361 645 1409; x_wconf 88' lang='lat' dir='ltr'>Coloniae</span> <span class='ocrx_word' id='word_1_125' title='bbox 692 1378 869 1408; x_wconf 87' lang='lat' dir='ltr'>omnes</span> <span class='ocrx_word' id='word_1_126' title='bbox 916 1367 1098 1409; x_wconf 89' lang='lat' dir='ltr'>tenent</span> <span class='ocrx_word' id='word_1_127' title='bbox 1144 1361 1283 1424; x_wconf 92' lang='lat' dir='ltr'>quod</span> <span class='ocrx_word' id='word_1_128' title='bbox 1325 1367 1403 1408; x_wconf 86' lang='lat' dir='ltr'>est</span> <span class='ocrx_word' id='word_1_129' title='bbox 1450 1378 1607 1426; x_wconf 89' lang='lat' dir='ltr'>purus</span> <span class='ocrx_word' id='word_1_130' title='bbox 1654 1362 1813 1426; x_wconf 82' lang='lat' dir='ltr'>virgo.</span> 
     </span>
     <span class='ocr_line' id='line_1_18' title="bbox 219 1428 1817 1492; baseline 0 -16"><span class='ocrx_word' id='word_1_131' title='bbox 219 1428 322 1476; x_wconf 90' lang='lat' dir='ltr'>Sed</span> <span class='ocrx_word' id='word_1_132' title='bbox 357 1429 676 1492; x_wconf 89' lang='lat' dir='ltr'>respondebo</span> <span class='ocrx_word' id='word_1_133' title='bbox 713 1429 855 1476; x_wconf 88' lang='lat' dir='ltr'>vobis</span> <span class='ocrx_word' id='word_1_134' title='bbox 885 1428 948 1475; x_wconf 87' lang='lat' dir='ltr'>ad</span> <span class='ocrx_word' id='word_1_135' title='bbox 977 1428 1124 1475; x_wconf 93' lang='lat' dir='ltr'>illum</span> <span class='ocrx_word' id='word_1_136' title='bbox 1156 1428 1432 1492; x_wconf 85' lang='lat' dir='ltr'>objectum.</span> <span class='ocrx_word' id='word_1_137' title='bbox 1508 1429 1613 1476; x_wconf 89' lang='lat' dir='ltr'>Vos</span> <span class='ocrx_word' id='word_1_138' title='bbox 1649 1429 1817 1477; x_wconf 91' lang='lat' dir='ltr'>dicitis</span> 
     </span>
     <span class='ocr_line' id='line_1_19' title="bbox 217 1495 1815 1559; baseline 0 -17"><span class='ocrx_word' id='word_1_139' title='bbox 217 1495 358 1559; x_wconf 92' lang='lat' dir='ltr'>quod</span> <span class='ocrx_word' id='word_1_140' title='bbox 383 1496 707 1544; x_wconf 84' lang='lat' dir='ltr'>Pfefferkorn</span> <span class='ocrx_word' id='word_1_141' title='bbox 732 1497 909 1544; x_wconf 84' lang='lat' dir='ltr'>foetet.</span> <span class='ocrx_word' id='word_1_142' title='bbox 983 1495 1161 1543; x_wconf 90' lang='lat' dir='ltr'>Posito</span> <span class='ocrx_word' id='word_1_143' title='bbox 1188 1512 1304 1542; x_wconf 88' lang='lat' dir='ltr'>casu</span> <span class='ocrx_word' id='word_1_144' title='bbox 1339 1496 1478 1558; x_wconf 90' lang='lat' dir='ltr'>quod</span> <span class='ocrx_word' id='word_1_145' title='bbox 1512 1502 1588 1543; x_wconf 84' lang='lat' dir='ltr'>est</span> <span class='ocrx_word' id='word_1_146' title='bbox 1621 1513 1815 1552; x_wconf 87' lang='lat' dir='ltr'>verum,</span> 
     </span>
     <span class='ocr_line' id='line_1_20' title="bbox 218 1561 1818 1627; baseline 0.001 -17"><span class='ocrx_word' id='word_1_147' title='bbox 218 1563 351 1611; x_wconf 91' lang='lat' dir='ltr'>sicut</span> <span class='ocrx_word' id='word_1_148' title='bbox 376 1579 479 1610; x_wconf 92' lang='lat' dir='ltr'>non</span> <span class='ocrx_word' id='word_1_149' title='bbox 505 1563 670 1618; x_wconf 87' lang='lat' dir='ltr'>credo,</span> <span class='ocrx_word' id='word_1_150' title='bbox 697 1579 864 1627; x_wconf 91' lang='lat' dir='ltr'>neque</span> <span class='ocrx_word' id='word_1_151' title='bbox 889 1579 1121 1626; x_wconf 90' lang='lat' dir='ltr'>unquam</span> <span class='ocrx_word' id='word_1_152' title='bbox 1153 1562 1398 1618; x_wconf 88' lang='lat' dir='ltr'>intellexi,</span> <span class='ocrx_word' id='word_1_153' title='bbox 1425 1561 1538 1610; x_wconf 92' lang='lat' dir='ltr'>dico</span> <span class='ocrx_word' id='word_1_154' title='bbox 1571 1563 1711 1627; x_wconf 91' lang='lat' dir='ltr'>quod</span> <span class='ocrx_word' id='word_1_155' title='bbox 1740 1569 1818 1611; x_wconf 90' lang='lat' dir='ltr'>est</span> 
     </span>
     <span class='ocr_line' id='line_1_21' title="bbox 218 1629 1818 1693; baseline 0 -16"><span class='ocrx_word' id='word_1_156' title='bbox 218 1630 316 1678; x_wconf 89' lang='lat' dir='ltr'>alia</span> <span class='ocrx_word' id='word_1_157' title='bbox 352 1647 501 1677; x_wconf 88' lang='lat' dir='ltr'>causa</span> <span class='ocrx_word' id='word_1_158' title='bbox 536 1629 688 1693; x_wconf 89' lang='lat' dir='ltr'>hujus</span> <span class='ocrx_word' id='word_1_159' title='bbox 730 1630 954 1678; x_wconf 85' lang='lat' dir='ltr'>foetoris.</span> <span class='ocrx_word' id='word_1_160' title='bbox 1035 1629 1175 1685; x_wconf 81' lang='lat' dir='ltr'>Quia</span> <span class='ocrx_word' id='word_1_161' title='bbox 1218 1630 1437 1677; x_wconf 90' lang='lat' dir='ltr'>loannes</span> <span class='ocrx_word' id='word_1_162' title='bbox 1476 1630 1818 1687; x_wconf 85' lang='lat' dir='ltr'>Pfefferkorn‚</span> 
     </span>
     <span class='ocr_line' id='line_1_22' title="bbox 217 1697 1819 1761; baseline 0.001 -17"><span class='ocrx_word' id='word_1_163' title='bbox 217 1697 425 1761; x_wconf 89' lang='lat' dir='ltr'>quando</span> <span class='ocrx_word' id='word_1_164' title='bbox 450 1697 549 1745; x_wconf 88' lang='lat' dir='ltr'>fuit</span> <span class='ocrx_word' id='word_1_165' title='bbox 567 1698 602 1746; x_wconf 91' lang='lat' dir='ltr'><strong>J</strong></span> <span class='ocrx_word' id='word_1_166' title='bbox 606 1698 813 1753; x_wconf 89' lang='lat' dir='ltr'>udaeus,</span> <span class='ocrx_word' id='word_1_167' title='bbox 833 1698 933 1745; x_wconf 85' lang='lat' dir='ltr'>fuit</span> <span class='ocrx_word' id='word_1_168' title='bbox 957 1697 1290 1753; x_wconf 86' lang='lat' dir='ltr'>macellariuS‚</span> <span class='ocrx_word' id='word_1_169' title='bbox 1310 1703 1363 1744; x_wconf 89' lang='lat' dir='ltr'>et</span> <span class='ocrx_word' id='word_1_170' title='bbox 1387 1697 1660 1745; x_wconf 89' lang='lat' dir='ltr'>macellarii</span> <span class='ocrx_word' id='word_1_171' title='bbox 1686 1714 1819 1745; x_wconf 93' lang='lat' dir='ltr'>com-</span> 
     </span>
     <span class='ocr_line' id='line_1_23' title="bbox 219 1764 709 1813; baseline 0.004 -2"><span class='ocrx_word' id='word_1_172' title='bbox 219 1764 446 1812; x_wconf 91' lang='lat' dir='ltr'>muniter</span> <span class='ocrx_word' id='word_1_173' title='bbox 467 1765 709 1813; x_wconf 86' lang='lat' dir='ltr'>foetent.⁷’</span> 
     </span>
    </p>

    <p class='ocr_par' dir='ltr' id='par_1_3' title="bbox 218 1831 1822 2031">
     <span class='ocr_line' id='line_1_24' title="bbox 321 1831 1821 1896; baseline 0 -17"><span class='ocrx_word' id='word_1_174' title='bbox 321 1831 470 1880; x_wconf 89' lang='lat' dir='ltr'>Tunc</span> <span class='ocrx_word' id='word_1_175' title='bbox 495 1849 672 1880; x_wconf 86' lang='lat' dir='ltr'>omnes</span> <span class='ocrx_word' id='word_1_176' title='bbox 696 1832 785 1896; x_wconf 91' lang='lat' dir='ltr'>qui</span> <span class='ocrx_word' id='word_1_177' title='bbox 810 1832 1134 1889; x_wconf 85' lang='lat' dir='ltr'>audiverunt,</span> <span class='ocrx_word' id='word_1_178' title='bbox 1154 1831 1393 1881; x_wconf 88' lang='lat' dir='ltr'>dixerunt</span> <span class='ocrx_word' id='word_1_179' title='bbox 1416 1832 1558 1895; x_wconf 90' lang='lat' dir='ltr'>quod</span> <span class='ocrx_word' id='word_1_180' title='bbox 1583 1838 1662 1880; x_wconf 89' lang='lat' dir='ltr'>est</span> <span class='ocrx_word' id='word_1_181' title='bbox 1687 1832 1821 1880; x_wconf 88' lang='lat' dir='ltr'>bona</span> 
     </span>
     <span class='ocr_line' id='line_1_25' title="bbox 218 1898 1822 1964; baseline 0.001 -18"><span class='ocrx_word' id='word_1_182' title='bbox 218 1898 358 1947; x_wconf 84' lang='lat' dir='ltr'>ratio.</span> <span class='ocrx_word' id='word_1_183' title='bbox 426 1899 509 1947; x_wconf 90' lang='lat' dir='ltr'>Sic</span> <span class='ocrx_word' id='word_1_184' title='bbox 533 1900 691 1948; x_wconf 90' lang='lat' dir='ltr'>etiam</span> <span class='ocrx_word' id='word_1_185' title='bbox 715 1916 840 1964; x_wconf 83' lang='lat' dir='ltr'>rogo</span> <span class='ocrx_word' id='word_1_186' title='bbox 860 1916 949 1947; x_wconf 87' lang='lat' dir='ltr'>vos</span> <span class='ocrx_word' id='word_1_187' title='bbox 973 1899 1113 1963; x_wconf 91' lang='lat' dir='ltr'>quod</span> <span class='ocrx_word' id='word_1_188' title='bbox 1137 1916 1241 1947; x_wconf 93' lang='lat' dir='ltr'>non</span> <span class='ocrx_word' id='word_1_189' title='bbox 1265 1899 1432 1948; x_wconf 86' lang='lat' dir='ltr'>velitis</span> <span class='ocrx_word' id='word_1_190' title='bbox 1457 1899 1608 1947; x_wconf 89' lang='lat' dir='ltr'>nimis</span> <span class='ocrx_word' id='word_1_191' title='bbox 1632 1899 1822 1947; x_wconf 86' lang='lat' dir='ltr'>tristari</span> 
     </span>
     <span class='ocr_line' id='line_1_26' title="bbox 219 1965 1818 2031; baseline 0.001 -18"><span class='ocrx_word' id='word_1_192' title='bbox 219 1966 272 2014; x_wconf 93' lang='lat' dir='ltr'>in</span> <span class='ocrx_word' id='word_1_193' title='bbox 300 1965 386 2013; x_wconf 91' lang='lat' dir='ltr'>illa</span> <span class='ocrx_word' id='word_1_194' title='bbox 411 1983 574 2023; x_wconf 89' lang='lat' dir='ltr'>causa,</span> <span class='ocrx_word' id='word_1_195' title='bbox 601 1968 722 2031; x_wconf 89' lang='lat' dir='ltr'>quia</span> <span class='ocrx_word' id='word_1_196' title='bbox 746 1967 952 2031; x_wconf 90' lang='lat' dir='ltr'>spiritus</span> <span class='ocrx_word' id='word_1_197' title='bbox 980 1967 1140 2015; x_wconf 90' lang='lat' dir='ltr'>tristis</span> <span class='ocrx_word' id='word_1_198' title='bbox 1165 1966 1388 2015; x_wconf 88' lang='lat' dir='ltr'>exsiccat</span> <span class='ocrx_word' id='word_1_199' title='bbox 1416 1984 1540 2015; x_wconf 88' lang='lat' dir='ltr'>ossa.</span> <span class='ocrx_word' id='word_1_200' title='bbox 1563 1973 1567 1976; x_wconf 81' lang='grc'><strong>’</strong></span> <span class='ocrx_word' id='word_1_201' title='bbox 1621 1967 1818 2016; x_wconf 88' lang='lat' dir='ltr'>Valete.</span> 
     </span>
    </p>
   </div>
   <div class='ocr_carea' id='block_1_3' title="bbox 329 2050 1069 2089">
    <p class='ocr_par' dir='ltr' id='par_1_4' title="bbox 329 2050 1069 2089">
     <span class='ocr_line' id='line_1_27' title="bbox 329 2050 1069 2089; baseline 0.003 -2"><span class='ocrx_word' id='word_1_202' title='bbox 329 2050 483 2087; x_wconf 87' lang='lat' dir='ltr'>Datum</span> <span class='ocrx_word' id='word_1_203' title='bbox 514 2051 855 2088; x_wconf 76' lang='lat' dir='ltr'>FRANCKFORDIAE</span> <span class='ocrx_word' id='word_1_204' title='bbox 884 2064 937 2088; x_wconf 84' lang='lat' dir='ltr'>AD</span> <span class='ocrx_word' id='word_1_205' title='bbox 967 2050 1069 2089; x_wconf 83' lang='lat' dir='ltr'><strong>ODE.</strong></span> 
     </span>
    </p>
   </div>
   <div class='ocr_carea' id='block_1_4' title="bbox 930 2239 1128 2287">
    <p class='ocr_par' dir='ltr' id='par_1_5' title="bbox 930 2239 1128 2287">
     <span class='ocr_line' id='line_1_28' title="bbox 930 2239 1128 2287; baseline 0.005 -1"><span class='ocrx_word' id='word_1_206' title='bbox 930 2239 1128 2287; x_wconf 91' lang='lat' dir='ltr'>XXVI</span> 
     </span>
    </p>
   </div>
   <div class='ocr_carea' id='block_1_5' title="bbox 411 2374 1651 2505">
    <p class='ocr_par' dir='ltr' id='par_1_6' title="bbox 411 2374 1651 2505">
     <span class='ocr_line' id='line_1_29' title="bbox 411 2374 1651 2423; baseline -0.001 -1"><span class='ocrx_word' id='word_1_207' title='bbox 411 2374 474 2422; x_wconf 66' lang='lat' dir='ltr'>«T.</span> <span class='ocrx_word' id='word_1_208' title='bbox 511 2374 583 2420; x_wconf 92' lang='lat' dir='ltr'><em>H</em></span> <span class='ocrx_word' id='word_1_209' title='bbox 578 2374 791 2421; x_wconf 78' lang='lat' dir='ltr'><em>ENRI</em></span> <span class='ocrx_word' id='word_1_210' title='bbox 792 2374 837 2422; x_wconf 81' lang='lat' dir='ltr'><em>C</em></span> <span class='ocrx_word' id='word_1_211' title='bbox 842 2374 935 2421; x_wconf 75' lang='lat' dir='ltr'>US</span> <span class='ocrx_word' id='word_1_212' title='bbox 965 2375 1170 2423; x_wconf 76' lang='lat' dir='ltr'><em>SCHA</em></span> <span class='ocrx_word' id='word_1_213' title='bbox 1179 2374 1651 2422; x_wconf 78' lang='lat' dir='ltr'><em>FFSMULIUS</em></span> 
     </span>
     <span class='ocr_line' id='line_1_30' title="bbox 573 2441 1470 2505; baseline 0.002 -18"><span class='ocrx_word' id='word_1_214' title='bbox 573 2442 721 2505; x_wconf 65' lang='lat' dir='ltr'>fllag.</span> <span class='ocrx_word' id='word_1_215' title='bbox 766 2441 982 2490; x_wconf 73' lang='lat' dir='ltr'>Ortvino</span> <span class='ocrx_word' id='word_1_216' title='bbox 1011 2442 1200 2490; x_wconf 70' lang='lat' dir='ltr'>Gratio</span> <span class='ocrx_word' id='word_1_217' title='bbox 1227 2443 1277 2490; x_wconf 82' lang='lat' dir='ltr'>S.</span> <span class='ocrx_word' id='word_1_218' title='bbox 1305 2443 1368 2489; x_wconf 91' lang='lat' dir='ltr'>P.</span> <span class='ocrx_word' id='word_1_219' title='bbox 1398 2442 1470 2489; x_wconf 87' lang='lat' dir='ltr'>D.</span> 
     </span>
    </p>
   </div>
   <div class='ocr_carea' id='block_1_6' title="bbox 221 2574 1821 2775">
    <p class='ocr_par' dir='ltr' id='par_1_7' title="bbox 221 2574 1821 2775">
     <span class='ocr_line' id='line_1_31' title="bbox 333 2574 1821 2640; baseline -0.001 -17"><span class='ocrx_word' id='word_1_220' title='bbox 333 2576 448 2624; x_wconf 90' lang='lat' dir='ltr'>UM</span> <span class='ocrx_word' id='word_1_221' title='bbox 476 2575 771 2640; x_wconf 81' lang='lat' dir='ltr'>priusquam</span> <span class='ocrx_word' id='word_1_222' title='bbox 798 2575 1114 2624; x_wconf 82' lang='lat' dir='ltr'>ambularem</span> <span class='ocrx_word' id='word_1_223' title='bbox 1139 2578 1203 2624; x_wconf 88' lang='lat' dir='ltr'>ad</span> <span class='ocrx_word' id='word_1_224' title='bbox 1229 2576 1455 2631; x_wconf 88' lang='lat' dir='ltr'>Curiam,</span> <span class='ocrx_word' id='word_1_225' title='bbox 1473 2574 1671 2623; x_wconf 86' lang='lat' dir='ltr'>dixistis</span> <span class='ocrx_word' id='word_1_226' title='bbox 1696 2574 1821 2622; x_wconf 87' lang='lat' dir='ltr'>mihi</span> 
     </span>
     <span class='ocr_line' id='line_1_32' title="bbox 364 2642 1821 2708; baseline -0.001 -17"><span class='ocrx_word' id='word_1_227' title='bbox 364 2643 499 2707; x_wconf 94' lang='lat' dir='ltr'>quod</span> <span class='ocrx_word' id='word_1_228' title='bbox 528 2660 676 2708; x_wconf 86' lang='lat' dir='ltr'>saepe</span> <span class='ocrx_word' id='word_1_229' title='bbox 701 2643 864 2691; x_wconf 87' lang='lat' dir='ltr'>debeo</span> <span class='ocrx_word' id='word_1_230' title='bbox 881 2643 1025 2692; x_wconf 86' lang='lat' dir='ltr'>vobis</span> <span class='ocrx_word' id='word_1_231' title='bbox 1045 2644 1260 2692; x_wconf 89' lang='lat' dir='ltr'>scribere</span> <span class='ocrx_word' id='word_1_232' title='bbox 1284 2650 1336 2691; x_wconf 92' lang='lat' dir='ltr'>et</span> <span class='ocrx_word' id='word_1_233' title='bbox 1361 2643 1633 2706; x_wconf 87' lang='lat' dir='ltr'>aliquando</span> <span class='ocrx_word' id='word_1_234' title='bbox 1660 2642 1821 2690; x_wconf 92' lang='lat' dir='ltr'>debeo</span> 
     </span>
     <span class='ocr_line' id='line_1_33' title="bbox 221 2709 1821 2775; baseline 0 -18"><span class='ocrx_word' id='word_1_235' title='bbox 221 2709 436 2774; x_wconf 85' lang='lat' dir='ltr'>dirigere</span> <span class='ocrx_word' id='word_1_236' title='bbox 462 2710 656 2774; x_wconf 89' lang='lat' dir='ltr'>aliquas</span> <span class='ocrx_word' id='word_1_237' title='bbox 681 2710 1006 2773; x_wconf 86' lang='lat' dir='ltr'>quaestiones</span> <span class='ocrx_word' id='word_1_238' title='bbox 1033 2711 1418 2775; x_wconf 82' lang='lat' dir='ltr'>Theologicales</span> <span class='ocrx_word' id='word_1_239' title='bbox 1451 2709 1514 2756; x_wconf 87' lang='lat' dir='ltr'>ad</span> <span class='ocrx_word' id='word_1_240' title='bbox 1542 2726 1657 2757; x_wconf 81' lang='lat' dir='ltr'>vos:</span> <span class='ocrx_word' id='word_1_241' title='bbox 1694 2716 1821 2757; x_wconf 92' lang='lat' dir='ltr'>tunc</span> 
     </span>
    </p>
   </div>
   <div class='ocr_carea' id='block_1_7' title="bbox 220 2799 1824 3032">
    <p class='ocr_par' dir='ltr' id='par_1_8' title="bbox 220 2799 1824 3032">
     <span class='ocr_line' id='line_1_34' title="bbox 270 2799 1822 2842; baseline -0.001 -8"><span class='ocrx_word' id='word_1_242' title='bbox 270 2799 296 2818; x_wconf 85' lang='lat'>¹⁵</span> <span class='ocrx_word' id='word_1_243' title='bbox 312 2801 488 2842; x_wconf 73' lang='lat' dir='ltr'>foetebat:</span> <span class='ocrx_word' id='word_1_244' title='bbox 513 2799 578 2834; x_wconf 85' lang='lat' dir='ltr'>the</span> <span class='ocrx_word' id='word_1_245' title='bbox 605 2800 747 2833; x_wconf 82' lang='lat' dir='ltr'>famous</span> <span class='ocrx_word' id='word_1_246' title='bbox 767 2800 986 2834; x_wconf 82' lang='lat' dir='ltr'>Franciscan</span> <span class='ocrx_word' id='word_1_247' title='bbox 1104 2800 1132 2818; x_wconf 78' lang='lat'>³³</span> <span class='ocrx_word' id='word_1_248' title='bbox 1156 2802 1284 2834; x_wconf 76' lang='lat' dir='ltr'>maeell.</span> <span class='ocrx_word' id='word_1_249' title='bbox 1338 2799 1392 2842; x_wconf 88' lang='lat' dir='ltr'>P.,</span> <span class='ocrx_word' id='word_1_250' title='bbox 1418 2800 1456 2833; x_wconf 87' lang='grc'>111</span> <span class='ocrx_word' id='word_1_251' title='bbox 1482 2799 1539 2832; x_wconf 84' lang='lat' dir='ltr'>his</span> <span class='ocrx_word' id='word_1_252' title='bbox 1564 2799 1741 2840; x_wconf 58' lang='lat' dir='ltr'>Defensio,</span> <span class='ocrx_word' id='word_1_253' title='bbox 1761 2799 1822 2833; x_wconf 90' lang='lat' dir='ltr'>de-</span> 
     </span>
     <span class='ocr_line' id='line_1_35' title="bbox 221 2844 1823 2893; baseline 0 -13"><span class='ocrx_word' id='word_1_254' title='bbox 221 2846 411 2893; x_wconf 84' lang='lat' dir='ltr'>preacher,</span> <span class='ocrx_word' id='word_1_255' title='bbox 442 2846 622 2881; x_wconf 81' lang='lat' dir='ltr'>Bel-thold</span> <span class='ocrx_word' id='word_1_256' title='bbox 658 2847 699 2880; x_wconf 88' lang='lat' dir='ltr'>of</span> <span class='ocrx_word' id='word_1_257' title='bbox 730 2847 985 2892; x_wconf 74' lang='lat' dir='ltr'>Regensburg,</span> <span class='ocrx_word' id='word_1_258' title='bbox 1057 2849 1136 2882; x_wconf 84' lang='lat' dir='ltr'>nies</span> <span class='ocrx_word' id='word_1_259' title='bbox 1170 2847 1251 2881; x_wconf 80' lang='lat' dir='ltr'>that</span> <span class='ocrx_word' id='word_1_260' title='bbox 1285 2847 1332 2881; x_wconf 88' lang='lat' dir='ltr'>he</span> <span class='ocrx_word' id='word_1_261' title='bbox 1366 2857 1436 2879; x_wconf 85' lang='lat' dir='ltr'>was</span> <span class='ocrx_word' id='word_1_262' title='bbox 1473 2858 1494 2879; x_wconf 89' lang='lat' dir='ltr'>a</span> <span class='ocrx_word' id='word_1_263' title='bbox 1530 2844 1726 2889; x_wconf 71' lang='lat' dir='ltr'>“laiiius‚&#39;&#39;</span> <span class='ocrx_word' id='word_1_264' title='bbox 1757 2846 1823 2880; x_wconf 89' lang='lat' dir='ltr'>but</span> 
     </span>
     <span class='ocr_line' id='line_1_36' title="bbox 220 2892 1824 2937; baseline 0 -10"><span class='ocrx_word' id='word_1_265' title='bbox 220 2905 291 2927; x_wconf 86' lang='lat' dir='ltr'>was</span> <span class='ocrx_word' id='word_1_266' title='bbox 319 2898 417 2927; x_wconf 88' lang='lat' dir='ltr'>wont</span> <span class='ocrx_word' id='word_1_267' title='bbox 442 2898 480 2927; x_wconf 87' lang='lat' dir='ltr'>to</span> <span class='ocrx_word' id='word_1_268' title='bbox 506 2893 702 2927; x_wconf 81' lang='lat' dir='ltr'>introduce</span> <span class='ocrx_word' id='word_1_269' title='bbox 719 2894 816 2928; x_wconf 81' lang='lat' dir='ltr'>Jews</span> <span class='ocrx_word' id='word_1_270' title='bbox 834 2895 913 2928; x_wconf 86' lang='lat' dir='ltr'>into</span> <span class='ocrx_word' id='word_1_271' title='bbox 931 2894 987 2927; x_wconf 85' lang='lat' dir='ltr'>his</span> <span class='ocrx_word' id='word_1_272' title='bbox 1056 2895 1146 2928; x_wconf 84' lang='lat' dir='ltr'>adds</span> <span class='ocrx_word' id='word_1_273' title='bbox 1160 2895 1256 2937; x_wconf 79' lang='lat' dir='ltr'>that,</span> <span class='ocrx_word' id='word_1_274' title='bbox 1269 2894 1364 2927; x_wconf 89' lang='lat' dir='ltr'>after</span> <span class='ocrx_word' id='word_1_275' title='bbox 1381 2892 1446 2935; x_wconf 85' lang='lat' dir='ltr'>all,</span> <span class='ocrx_word' id='word_1_276' title='bbox 1460 2892 1568 2927; x_wconf 81' lang='lat' dir='ltr'>Peter</span> <span class='ocrx_word' id='word_1_277' title='bbox 1584 2904 1652 2927; x_wconf 88' lang='lat' dir='ltr'>was</span> <span class='ocrx_word' id='word_1_278' title='bbox 1664 2906 1684 2926; x_wconf 83' lang='lat' dir='ltr'>a</span> <span class='ocrx_word' id='word_1_279' title='bbox 1696 2893 1824 2927; x_wconf 87' lang='lat' dir='ltr'>fisher-</span> 
     </span>
     <span class='ocr_line' id='line_1_37' title="bbox 221 2940 1155 2985; baseline 0 -10"><span class='ocrx_word' id='word_1_280' title='bbox 221 2941 426 2975; x_wconf 79' lang='lat' dir='ltr'>discourses</span> <span class='ocrx_word' id='word_1_281' title='bbox 451 2940 539 2974; x_wconf 87' lang='lat' dir='ltr'>with</span> <span class='ocrx_word' id='word_1_282' title='bbox 565 2940 630 2974; x_wconf 87' lang='lat' dir='ltr'>the</span> <span class='ocrx_word' id='word_1_283' title='bbox 654 2941 759 2974; x_wconf 82' lang='lat' dir='ltr'>stock</span> <span class='ocrx_word' id='word_1_284' title='bbox 786 2942 929 2985; x_wconf 78' lang='lat' dir='ltr'>epithet</span> <span class='ocrx_word' id='word_1_285' title='bbox 951 2941 992 2975; x_wconf 89' lang='lat' dir='ltr'>of</span> <span class='ocrx_word' id='word_1_286' title='bbox 1058 2954 1155 2976; x_wconf 87' lang='lat' dir='ltr'>man.</span> 
     </span>
     <span class='ocr_line' id='line_1_38' title="bbox 222 2986 988 3032; baseline 0 -11"><span class='ocrx_word' id='word_1_287' title='bbox 222 2987 463 3032; x_wconf 73' lang='lat' dir='ltr'>“stinking.&#39;&#39;</span> <span class='ocrx_word' id='word_1_288' title='bbox 514 2988 581 3021; x_wconf 88' lang='lat' dir='ltr'>See</span> <span class='ocrx_word' id='word_1_289' title='bbox 608 2986 668 3019; x_wconf 89' lang='lat' dir='ltr'>W.</span> <span class='ocrx_word' id='word_1_290' title='bbox 697 2987 866 3031; x_wconf 83' lang='lat' dir='ltr'>Scherer,</span> <span class='ocrx_word' id='word_1_291' title='bbox 896 2990 988 3022; x_wconf 66' lang='lat' dir='ltr'>Hist.</span> 
     </span>
    </p>
   </div>
   <div class='ocr_carea' id='block_1_8' title="bbox 221 3009 1821 3163">
    <p class='ocr_par' dir='ltr' id='par_1_9' title="bbox 221 3009 1821 3163">
     <span class='ocr_line' id='line_1_39' title="bbox 225 3009 1639 3077; baseline -0.006 -8"><span class='ocrx_word' id='word_1_292' title='bbox 225 3037 343 3069; x_wconf 64' lang='lat' dir='ltr'><strong><em>Germ.</em></strong></span> <span class='ocrx_word' id='word_1_293' title='bbox 359 3035 445 3077; x_wconf 52' lang='grc' dir='ltr'>ιω,</span> <span class='ocrx_word' id='word_1_294' title='bbox 469 3034 571 3076; x_wconf 81' lang='lat'>1886,</span> <span class='ocrx_word' id='word_1_295' title='bbox 590 3034 611 3067; x_wconf 88' lang='lat' dir='ltr'>i.</span> <span class='ocrx_word' id='word_1_296' title='bbox 631 3034 710 3067; x_wconf 83' lang='lat'><strong>228.</strong></span> <span class='ocrx_word' id='word_1_297' title='bbox 1105 3010 1130 3028; x_wconf 76' lang='lat'>³⁷</span> <span class='ocrx_word' id='word_1_298' title='bbox 1156 3013 1327 3053; x_wconf 44' lang='lat' dir='ltr'>Spiritu&amp;</span> <span class='ocrx_word' id='word_1_299' title='bbox 1354 3009 1458 3044; x_wconf 52' lang='lat' dir='ltr'><strong>PYOV·</strong></span> <span class='ocrx_word' id='word_1_300' title='bbox 1478 3009 1562 3043; x_wconf 59' lang='lat' dir='ltr'>xvii·</span> <span class='ocrx_word' id='word_1_301' title='bbox 1584 3009 1639 3043; x_wconf 76' lang='lat'>22·</span> 
     </span>
     <span class='ocr_line' id='line_1_40' title="bbox 270 3077 1821 3124; baseline -0.002 -9"><span class='ocrx_word' id='word_1_302' title='bbox 270 3080 296 3100; x_wconf 78' lang='lat'>¹⁸</span> <span class='ocrx_word' id='word_1_303' title='bbox 318 3085 396 3124; x_wconf 71' lang='lat' dir='ltr'>post</span> <span class='ocrx_word' id='word_1_304' title='bbox 412 3093 491 3115; x_wconf 73' lang='lat' dir='ltr'>aar.</span> <span class='ocrx_word' id='word_1_305' title='bbox 508 3093 520 3115; x_wconf 88' lang='lat'>.·</span> <span class='ocrx_word' id='word_1_306' title='bbox 544 3083 598 3115; x_wconf 58' lang='lat' dir='ltr'>zze.</span> <span class='ocrx_word' id='word_1_307' title='bbox 616 3080 663 3115; x_wconf 87' lang='lat' dir='ltr'>he</span> <span class='ocrx_word' id='word_1_308' title='bbox 682 3092 752 3114; x_wconf 86' lang='lat' dir='ltr'>was</span> <span class='ocrx_word' id='word_1_309' title='bbox 777 3081 854 3115; x_wconf 83' lang='lat' dir='ltr'>still</span> <span class='ocrx_word' id='word_1_310' title='bbox 872 3093 892 3114; x_wconf 89' lang='lat' dir='ltr'>a</span> <span class='ocrx_word' id='word_1_311' title='bbox 909 3081 989 3115; x_wconf 81' lang='lat' dir='ltr'>Jew</span> <span class='ocrx_word' id='word_1_312' title='bbox 1107 3079 1117 3096; x_wconf 83' lang='lat'>¹</span> <span class='ocrx_word' id='word_1_313' title='bbox 1143 3079 1432 3121; x_wconf 65' lang='lat' dir='ltr'>Schaffis’mulius:</span> <span class='ocrx_word' id='word_1_314' title='bbox 1476 3078 1501 3095; x_wconf 85' lang='lat'>“</span> <span class='ocrx_word' id='word_1_315' title='bbox 1516 3077 1764 3112; x_wconf 85' lang='lat' dir='ltr'>Muttonhead</span> <span class='ocrx_word' id='word_1_316' title='bbox 1778 3078 1796 3091; x_wconf 87' lang='grc'><em>”</em></span> <span class='ocrx_word' id='word_1_317' title='bbox 1812 3088 1821 3120; x_wconf 93' lang='grc'><strong>;</strong></span> 
     </span>
     <span class='ocr_line' id='line_1_41' title="bbox 221 3125 1373 3163; baseline -0.005 0"><span class='ocrx_word' id='word_1_318' title='bbox 221 3133 261 3163; x_wconf 84' lang='lat' dir='ltr'>at</span> <span class='ocrx_word' id='word_1_319' title='bbox 278 3129 392 3163; x_wconf 82' lang='lat' dir='ltr'>heart.</span> <span class='ocrx_word' id='word_1_320' title='bbox 1061 3127 1087 3143; x_wconf 80' lang='lat'><strong>“</strong></span> <span class='ocrx_word' id='word_1_321' title='bbox 1101 3125 1133 3159; x_wconf 91' lang='lat'>11</span> <span class='ocrx_word' id='word_1_322' title='bbox 1153 3125 1373 3160; x_wconf 84' lang='lat' dir='ltr'>Pecorone.&#39;&#39;</span> 
     </span>
    </p>
   </div>
   <div class='ocr_carea' id='block_1_9' title="bbox 989 3188 1083 3229">
    <p class='ocr_par' dir='ltr' id='par_1_10' title="bbox 989 3188 1083 3229">
     <span class='ocr_line' id='line_1_42' title="bbox 989 3188 1083 3229; baseline -0.011 0"><span class='ocrx_word' id='word_1_323' title='bbox 989 3188 1083 3229; x_wconf 88' lang='lat'>185</span> 
     </span>
    </p>
   </div>
   <div class='ocr_carea' id='block_1_10' title="bbox 1847 498 1884 527">
    <p class='ocr_par' dir='ltr' id='par_1_11' title="bbox 1847 498 1884 527">
     <span class='ocr_line' id='line_1_43' title="bbox 1847 498 1884 527; baseline 0 0"><span class='ocrx_word' id='word_1_324' title='bbox 1847 498 1884 527; x_wconf 81' lang='lat'>15</span> 
     </span>
    </p>
   </div>
   <div class='ocr_carea' id='block_1_11' title="bbox 1849 835 1886 864">
    <p class='ocr_par' dir='ltr' id='par_1_12' title="bbox 1849 835 1886 864">
     <span class='ocr_line' id='line_1_44' title="bbox 1849 835 1886 864; baseline 0 0"><span class='ocrx_word' id='word_1_325' title='bbox 1849 835 1886 864; x_wconf 85' lang='lat'>20</span> 
     </span>
    </p>
   </div>
   <div class='ocr_carea' id='block_1_12' title="bbox 1852 1172 1890 1202">
    <p class='ocr_par' dir='ltr' id='par_1_13' title="bbox 1852 1172 1890 1202">
     <span class='ocr_line' id='line_1_45' title="bbox 1852 1172 1890 1202; baseline 0 0"><span class='ocrx_word' id='word_1_326' title='bbox 1852 1172 1890 1202; x_wconf 87' lang='lat'>25</span> 
     </span>
    </p>
   </div>
   <div class='ocr_carea' id='block_1_13' title="bbox 1852 1507 1891 1537">
    <p class='ocr_par' dir='ltr' id='par_1_14' title="bbox 1852 1507 1891 1537">
     <span class='ocr_line' id='line_1_46' title="bbox 1852 1507 1891 1537; baseline -0.026 0"><span class='ocrx_word' id='word_1_327' title='bbox 1852 1507 1891 1537; x_wconf 83' lang='lat'>30</span> 
     </span>
    </p>
   </div>
   <div class='ocr_carea' id='block_1_14' title="bbox 1855 1842 1894 1872">
    <p class='ocr_par' dir='ltr' id='par_1_15' title="bbox 1855 1842 1894 1872">
     <span class='ocr_line' id='line_1_47' title="bbox 1855 1842 1894 1872; baseline 0 0"><span class='ocrx_word' id='word_1_328' title='bbox 1855 1842 1894 1872; x_wconf 84' lang='lat'>35</span> 
     </span>
    </p>
   </div>
  </div>
 </body>
</html>
