2247 3637
386 398 405 427 5

366 732 404 761 10

366 1066 403 1096 15

363 1405 402 1434 20

363 1738 401 1768 25

362 2075 401 2105 30

363 2410 401 2439 35

443 268 913 324 EPISTOLAE
979 266 1571 324 OBSCURORUM
1622 266 2034 323 VIRORUM

439 376 612 441 scripsi
659 377 729 424 eis
776 376 907 424 bene
955 375 1136 440 viginti
1177 375 1287 425 lfas.
1362 376 1415 424 Si
1456 392 1560 424 non
1601 374 1786 423 volunt
1827 375 2034 425 mittere

439 443 564 491 mihi
600 443 887 508 pecuniam,
913 449 1039 490 tunc
1075 459 1163 507 per
1197 442 1353 492 deum
1388 459 1484 507 ego
1520 442 1636 490 volo
1673 441 1819 490 aliter
1851 442 2030 491 facere.

439 510 513 558 Et
537 511 752 558 credatis
783 509 909 558 mihi
932 510 1071 573 quod
1106 526 1268 574 nuper
1303 509 1459 558 habui
1494 509 1547 556 in
1583 508 1865 564 voluntate,
1892 511 2032 573 quod

439 577 580 626 volui
627 595 711 626 me
757 577 981 640 obligare
1030 577 1124 624 sub
1169 577 1343 642 paenis
1390 578 1605 625 Camere
1651 576 2032 624 accomodando

439 644 566 692 duos
602 644 819 693 florenos
855 645 1118 692 Renenses
1154 650 1245 692 aut
1279 650 1397 699 tres,
1425 649 1476 691 et
1511 642 1673 690 redire
1708 643 1760 690 in
1795 642 2031 707 patriam,

438 717 491 759 et
515 711 681 760 dicere
707 711 775 760 eis
800 711 1094 776 opinionem
1118 727 1302 767 meam,
1328 710 1400 758 ita
1430 726 1600 774 grosse
1624 710 1763 773 quod
1788 710 2033 759 deberent

435 785 660 843 tangere.
755 777 993 832 Diabole‚
1052 777 1266 826 credunt
1324 778 1463 841 quod
1522 793 1637 825 sum
1683 783 1835 825 natus
1882 793 2033 842 super

438 845 684 902 arborem,
734 845 815 892 vel
861 845 1021 893 debeo
1069 845 1334 892 comedere
1381 845 1561 892 fenum
1614 843 1747 891 sicut
1805 843 2032 892 animal?

439 913 672 961 diabolus
714 913 911 960 auferat
952 928 1034 960 me
1070 911 1110 959 si
1143 911 1299 960 habui
1341 927 1503 959 unum
1540 910 1806 959 Carlinum
1848 912 1900 959 in
1943 927 2030 959 sex

440 979 727 1028 mensibus:
788 985 841 1027 et
887 995 1086 1043 semper
1136 977 1262 1026 nihil
1308 977 1521 1026 comedo
1569 977 1664 1025 nisi
1711 977 1931 1025 salatum
1978 986 2030 1026 et

440 1063 562 1110 cepe
608 1053 661 1094 et
708 1046 900 1102 allium,
949 1052 1002 1094 et
1060 1045 1332 1110 aliquando
1380 1061 1545 1092 unum
1603 1051 1920 1092 menestrum
1967 1045 2030 1093 de

437 1113 565 1161 fabis
611 1113 693 1161 vel
752 1113 918 1161 herbis
965 1112 1047 1161 vel
1094 1113 1370 1177 spinaciam
1418 1128 1558 1159 more
1619 1111 1816 1160 Italico.
1911 1111 2029 1176 Ego

437 1181 567 1229 bene
602 1180 706 1228 scio
741 1180 881 1244 quod
916 1181 1093 1228 fratres
1129 1179 1230 1227 mei
1265 1180 1318 1227 in
1359 1179 1522 1243 patria
1557 1179 1837 1226 comedunt
1872 1178 2031 1244 pisces

436 1254 489 1296 et
537 1264 656 1296 aves
699 1254 751 1295 et
794 1247 926 1295 bona
966 1247 1172 1303 fercula,
1213 1252 1265 1294 et
1306 1262 1410 1293 non
1449 1246 1679 1309 cogitant
1726 1262 1876 1311 super
1916 1263 2029 1302 me3

437 1315 524 1362 sed
560 1331 657 1379 ego
692 1332 796 1362 non
833 1315 950 1363 volo
986 1314 1178 1362 diutius
1213 1312 1336 1378 pati,
1362 1320 1413 1360 et
1449 1312 1646 1360 debetis
1681 1313 1800 1378 ipsis
1836 1312 2029 1362 dicere:

434 1388 561 1430 tunc
586 1399 682 1447 ego
707 1382 864 1430 etiam
895 1381 1013 1429 volo
1049 1381 1320 1445 diligenter
1355 1379 1436 1428 hic
1472 1380 1659 1427 instare
1695 1381 1831 1444 apud
1868 1380 2029 1427 domi-

435 1465 561 1496 num
585 1466 777 1504 meum,
803 1449 942 1513 quod
977 1447 1299 1512 promovebit
1336 1447 1609 1511 negocium
1646 1453 1875 1495 vestrum
1899 1447 2032 1495 sicut

435 1515 702 1580 scripsistis
748 1516 887 1564 mihi.
977 1515 1051 1563 Et
1091 1532 1215 1579 rogo
1257 1531 1361 1570 VOS,
1404 1515 1609 1577 quando
1652 1520 1887 1579 parentes
1929 1514 2030 1563 mei

435 1584 634 1632 dabunt
670 1583 955 1648 pecuniam,
980 1582 1119 1646 quod
1156 1581 1322 1629 velitis
1359 1581 1483 1628 mihi
1519 1581 1738 1630 mittere.
1811 1581 1885 1629 Et
1910 1598 2029 1629 cum

436 1651 532 1698 hoc
568 1650 786 1698 mittatis
823 1649 947 1696 mihi
985 1665 1146 1696 unum
1171 1650 1365 1697 frustm-1
1390 1648 1454 1695 de
1479 1648 1649 1704 Creta,
1675 1647 1794 1713 quia
1830 1649 1882 1696 in
1917 1654 2030 1696 tota

436 1718 609 1766 Roma
632 1734 736 1765 non
761 1717 951 1765 habent
990 1716 1177 1763 bonam
1215 1722 1425 1771 cretam,
1451 1715 1607 1764 etiam
1633 1715 1673 1763 si
1697 1715 1884 1764 vellitis
1909 1716 2029 1764 dare

435 1801 601 1833 unum
624 1785 876 1832 florenum
912 1800 1003 1848 pro
1028 1800 1114 1831 ea:
1152 1783 1239 1831 sed
1265 1782 1397 1830 sicut
1433 1782 1587 1838 scitis,
1614 1789 1820 1847 oportet
1845 1783 2030 1831 habere

436 1858 645 1907 cretam,
694 1851 814 1915 quia
871 1867 985 1898 sum
1043 1849 1267 1914 logicus:
1327 1856 1379 1898 et
1437 1850 1642 1913 quando
1701 1850 1818 1898 volo
1866 1850 2029 1898 facere

435 1918 806 1983 syllogismum,
853 1923 980 1965 tunc
1032 1934 1138 1965 non
1196 1917 1359 1965 habeo
1417 1923 1766 1964 atramentum
1814 1933 2026 1981 semper.

436 1986 615 2034 Etiam
674 1991 752 2033 est
809 1984 1132 2032 fastidiosum
1190 1984 1356 2032 facere
1414 2000 1533 2032 cum
1592 1990 1908 2032 atramento:
1976 1990 2028 2031 et

436 2052 656 2101 mittatis
713 2051 838 2098 mihi
896 2052 1019 2115 ligas
1065 2050 1352 2099 teutonicas
1399 2051 1463 2098 ad
1511 2050 1776 2114 ligandum
1826 2050 2027 2115 caligas,

435 2120 556 2184 quia
590 2119 787 2168 faciunt
823 2119 895 2166 ita
930 2118 1088 2166 malas
1130 2118 1257 2182 ligas
1298 2117 1350 2165 in
1394 2117 1546 2166 Italia
1581 2118 1722 2182 quod
1758 2123 1834 2165 est
1877 2118 2029 2164 mira-

436 2187 549 2235 bile.
622 2187 786 2234 Mitto
812 2185 954 2232 vobis
990 2185 1070 2232 hic
1107 2202 1264 2232 unam
1289 2185 1578 2233 veronicam
1603 2190 1636 2249 q
1660 2185 1835 2249 tetigit
1862 2184 2029 2249 capita

436 2260 729 2301 sanctorum
772 2253 860 2300 Pe.
906 2258 958 2299 et
1000 2269 1114 2316 pau.
1160 2259 1212 2300 et
1258 2252 1447 2300 multas
1495 2251 1615 2299 alias
1662 2252 1928 2315 reliquias;
1975 2258 2029 2300 et

437 2320 591 2369 mitto
615 2320 758 2368 vobis
795 2336 958 2366 unum
993 2336 1154 2383 agnus
1178 2319 1289 2375 dei;
1327 2325 1378 2366 et
1413 2319 1610 2366 debetis
1647 2318 1771 2366 mihi
1807 2318 2028 2366 salutare

435 2388 705 2435 dominum
761 2385 1096 2433 Valentinum
1155 2386 1219 2434 de
1277 2386 1665 2441 Gelterszheim‚
1725 2385 2027 2450 magistrum

436 2461 670 2503 nostrum
696 2452 1122 2502 colendissimum.
1196 2453 1296 2500 Per
1332 2453 1487 2500 deum
1524 2469 1620 2516 ego
1655 2469 1921 2515 nunquam
1957 2452 2029 2500 ita

435 2522 718 2587 potuissem
765 2520 928 2567 dicere
975 2519 1193 2583 logicam
1241 2520 1280 2567 si
1328 2536 1431 2567 non
1478 2519 1732 2567 stetissem
1780 2520 1831 2566 in
1878 2519 2030 2567 bursa

436 2607 554 2647 sua3
614 2588 734 2653 quia
785 2587 890 2652 ipse
937 2592 1013 2635 est
1062 2586 1208 2633 valde
1255 2586 1606 2642 declarativus,
1655 2592 1708 2634 et
1765 2586 2029 2650 supposita

482 2716 496 2736 ⁸
524 2721 537 2748 (
546 2721 664 2751 ‘mum-e
677 2729 689 2751 :
730 2715 886 2761 perhaps
928 2714 984 2747 for
1025 2715 1196 2747 ‹farneriae
1266 2713 1308 2747 of
1321 2714 1371 2747 St.
1388 2713 1581 2755 veronica,
1595 2712 1711 2746 which
1730 2712 1817 2747 bore
1834 2724 1854 2746 a
1872 2713 2030 2747 miracu-

435 2764 657 2809 (camiariae)
675 2775 718 2797 or
737 2764 906 2796 (s‘ambiae.
1265 2759 1346 2794 lous
1364 2761 1482 2805 image
1499 2760 1541 2794 of
1556 2760 1707 2794 Christ's
1725 2760 1814 2794 face.
1864 2759 1920 2794 Cf.
1938 2770 1993 2794 :—

454 2871 459 2877 ,
482 2822 510 2842 ¹²
526 2827 688 2866 ta'nfflre:
728 2824 795 2855 ¹¹⁰t
831 2818 970 2874 m3191Y
1005 2817 1197 2852 “verbera
1267 2834 1294 2852 “
1312 2834 1344 2868 A
1376 2833 1537 2868 veruicle
1565 2834 1637 2868 had
1666 2834 1713 2869 he
1746 2833 1863 2869 sewed
1892 2845 1941 2868 on
1972 2833 2027 2868 his

436 2869 621 2915 lmguae.’¹
672 2868 776 2910 Hor.,
796 2868 867 2910 od„
886 2878 936 2900 111.
957 2866 1014 2908 12,
1033 2867 1064 2899 3.
1358 2881 1505 2927 cappe.''

483 2925 512 2945 ¹²
527 2928 683 2960 arborem
696 2937 708 2960 :
751 2925 777 2942 ‘¹'
791 2925 886 2958 sicut
926 2922 1066 2968 poma.''
1130 2922 1196 2956 See
1486 2928 1665 2971 (Jhaucer,
1685 2930 1778 2962 Prol.
1799 2930 1896 2962 Cant.
1918 2929 2027 2962 Tales.

437 2974 460 3007 i.
478 2976 510 3007 3.

1313 3001 1342 3021 ³⁴
1358 3015 1437 3046 (1972.
1454 3005 1531 3038 dei:
1555 3015 1575 3036 a
1596 3003 1686 3037 cake
1716 3002 1758 3037 of
1776 3014 1866 3045 wax,
1886 3001 2027 3037 blessed

484 3030 622 3108 ZC‘WL
673 3030 871 3097 sanis-16⁷
891 3040 926 3061 η’
1268 3049 1314 3095 hy
1342 3050 1406 3084 the
1441 3050 1553 3096 Popc,
1582 3050 1655 3083 and
1686 3049 1853 3095 stamped
1887 3049 1972 3083 with
2007 3061 2028 3082 a

530 3092 600 3125 rell.
613 3102 625 3124 :
652 3089 708 3124 for
725 3091 845 3123 velztt-S-
1268 3097 1384 3141 figure
1401 3097 1443 3131 of
1454 3098 1517 3131 the
1536 3096 1658 3130 Lamb.

484 3146 699 3182 ³21·eronwi‹:.:
723 3159 744 3180 a
768 3158 859 3191 copy
885 3145 927 3179 of
947 3144 1010 3179 the
1034 3142 1204 3179 kerchief
1314 3143 1342 3162 ³⁵
1367 3145 1498 3178 Valent.
1548 3146 1615 3178 See
1634 3145 1654 3178 i.
1674 3146 1708 3187 7,
1729 3155 1764 3177 η.

1198 3205 1291 3250 176
