2247 3637
206 271 237 311 1.
261 273 330 322 21]
424 259 886 317 CONRADUS
942 260 1057 315 DE
1113 258 1590 316 Z'UICCAVIA

205 375 345 417 stant
368 368 420 416 in
446 368 596 415 bursa
631 367 971 423 audiverunt;
1008 374 1060 415 et
1097 373 1426 415 surrexerunt
1463 373 1515 414 et
1552 367 1796 414 dixerunt

205 435 330 484 mihi
348 452 358 483 z
385 443 414 462 ‘⁶
432 434 661 482 Domine
685 433 942 498 magister,
963 434 1086 498 quid
1107 433 1262 482 vultis
1281 434 1421 497 quod
1441 433 1510 481 sic
1531 434 1762 482 clamatis
1780 436 1796 482 ἓ

207 502 261 550 Si
310 501 463 550 vultis
512 501 881 549 confessionem
928 502 1108 556 facere,
1156 508 1283 549 tunc
1331 500 1571 549 volumus
1618 501 1796 550 afferre

205 569 519 617 sacerdotem
540 569 588 625 ;’'
624 568 745 631 quia
779 574 1092 632 putaverunt
1129 568 1267 632 quod
1303 584 1466 615 essem
1497 568 1547 614 in
1582 568 1797 616 articulo

204 637 398 692 mortis,
445 641 499 684 et
546 635 834 683 invocarem
881 641 1108 683 sanctam
1158 635 1480 683 Dorotheam
1529 651 1648 683 cum
1689 634 1797 683 aliis
1831 655 1870 685 25

204 703 404 751 sanctis.
477 703 552 750 Et
576 719 671 767 ego
696 702 960 750 erubescui
986 703 1145 750 valde.
1223 702 1324 751 Sed
1360 702 1567 766 quando
1593 701 1708 750 veni
1733 703 1794 749 ad

204 769 344 817 illam
380 770 638 826 amasiam,
676 776 802 817 tunc
845 786 1042 834 semper
1078 770 1151 818 fui
1194 769 1266 817 ita
1303 769 1618 834 perterritus,
1655 769 1795 832 quod

204 853 306 884 non
343 837 490 901 potui
526 853 640 885 eam
676 836 913 901 aspicere,
940 843 993 884 et
1027 836 1102 884 fui
1138 837 1482 885 rubicundus:
1525 842 1651 884 tunc
1688 837 1796 901 ipsa

205 903 370 953 dixit:
421 904 559 951 “Ah
607 903 814 952 domine
862 904 1127 968 Magister,
1176 921 1332 968 quare
1380 904 1499 952 estis
1546 904 1619 951 ita
1659 920 1796 952 vere-

205 971 480 1019 cundus?”
564 971 638 1018 Et
681 987 828 1035 saepe
870 970 1204 1035 interrogavit
1246 988 1328 1019 me
1370 972 1634 1019 rationem.
1724 970 1798 1018 Et
1831 989 1870 1019 30

203 1054 298 1101 ego
322 1038 428 1086 dixi
461 1039 598 1102 quod
632 1055 735 1086 non
771 1039 935 1086 audeo
972 1037 1168 1087 dicere:
1206 1039 1292 1086 sed
1328 1038 1435 1103 ipsa
1466 1038 1631 1086 voluit
1657 1038 1795 1094 scire,

204 1112 257 1153 et
292 1122 395 1153 non
432 1105 597 1153 voluit
633 1122 714 1153 me
751 1105 1026 1160 dimittere,
1065 1105 1159 1154 nisi
1195 1105 1379 1153 vellem
1423 1105 1588 1153 dicere
1624 1104 1701 1161 ei;
1744 1112 1798 1153 et

204 1172 334 1220 dixit
359 1173 498 1236 quod
523 1189 627 1220 non
653 1172 808 1221 vellet
840 1173 983 1220 irasci
1020 1189 1170 1237 super
1205 1189 1303 1229 me,
1330 1173 1486 1220 etiam
1512 1173 1552 1220 si
1577 1172 1794 1220 dicerem

205 1257 361 1287 unam
397 1256 640 1303 magnam
676 1239 971 1303 nequitiam.
1046 1241 1194 1287 Tunc
1231 1240 1388 1288 semel
1423 1239 1497 1287 fui
1534 1241 1719 1295 audax,
1746 1246 1796 1288 et

204 1306 424 1354 revelavi
461 1309 505 1354 ei
543 1313 735 1355 secreta
770 1323 898 1355 mea.
975 1307 1113 1363 Quia
1150 1323 1238 1355 vos
1276 1307 1474 1355 dixistis
1506 1307 1632 1354 mihi
1658 1306 1795 1362 olim,
1831 1325 1870 1355 35

203 1374 408 1437 quando
433 1374 624 1438 legistis
652 1373 899 1422 Ovidium
923 1374 986 1421 de
1012 1380 1119 1421 arte
1143 1374 1362 1431 amandi,
1382 1374 1522 1438 quod
1547 1380 1797 1422 amatores

203 1441 394 1489 debent
419 1458 527 1490 esse
553 1441 698 1489 valde
724 1441 939 1489 audaces
965 1441 1097 1489 sicut
1122 1441 1405 1497 bellatores,
1427 1441 1547 1489 alias
1570 1441 1696 1489 nihil
1720 1447 1796 1489 est

204 1524 323 1556 cum
360 1508 492 1573 ipsiS.
566 1509 640 1556 Et
665 1508 770 1556 dixi
795 1509 869 1556 ei:
909 1508 1186 1555 “Domina
1222 1525 1335 1556 mea
1370 1509 1660 1564 reverenda,
1686 1525 1796 1573 par-

205 1576 329 1623 catis
365 1575 490 1623 mihi
526 1582 732 1640 propter
767 1575 939 1631 deum,
972 1581 1025 1623 et
1061 1581 1270 1639 propter
1304 1575 1550 1623 honorem
1588 1591 1796 1623 omnem

204 1649 448 1700 vestrum,
475 1659 570 1706 ego
595 1659 712 1690 amo
737 1659 842 1697 vos,
870 1649 922 1689 et
947 1642 1076 1706 elegi
1102 1659 1191 1689 vos
1216 1659 1334 1706 prae
1359 1643 1472 1690 filiis
1508 1643 1795 1697 hominum,
1833 1662 1871 1692 40

203 1710 322 1774 quia
347 1727 436 1758 vos
461 1709 581 1757 estis
605 1710 817 1775 pulchra
841 1709 975 1757 inter
998 1709 1252 1764 mulieres,
1278 1716 1330 1757 et
1366 1709 1568 1757 macula
1591 1726 1695 1757 non
1721 1715 1797 1757 est

202 1777 253 1824 in
282 1777 435 1825 vobis.
510 1777 648 1834 Quia
684 1794 774 1825 vos
810 1776 931 1825 estis
967 1776 1335 1842 speciosissima
1360 1778 1492 1825 sicut
1516 1783 1594 1826 est
1618 1793 1722 1824 una
1745 1777 1796 1824 in

200 1849 316 1891 toto
352 1843 591 1891 mundo.'’
662 1845 810 1892 Tunc
846 1844 954 1908 ipsa
989 1843 1097 1892 risit
1135 1850 1186 1891 et
1229 1843 1390 1894 dixit:
1435 1846 1583 1893 “Per
1624 1844 1795 1900 deum,

202 1927 292 1958 vos
323 1911 460 1959 scitis
492 1911 774 1959 amicaliter
805 1910 960 1975 loqui,
988 1911 1028 1959 si
1065 1927 1161 1975 ego
1188 1911 1373 1959 vellem
1411 1912 1655 1960 credere.”
1724 1910 1797 1959 Et

200 1984 379 2042 postea
403 1995 552 2042 saepe
576 1979 693 2027 veni
728 1979 780 2026 in
816 1979 1031 2026 domum
1069 1979 1175 2026 eius
1212 1985 1265 2026 et
1302 1979 1405 2026 bibi
1433 1996 1551 2027 cum
1577 1996 1649 2027 ea.
1722 1979 1798 2026 Et
1833 2002 1871 2031 45

201 2046 409 2109 quando
455 2046 556 2093 fuit
603 2045 655 2093 in
703 2045 929 2101 ecclesia,
988 2053 1113 2094 tunc
1174 2045 1292 2093 steti
1339 2047 1411 2094 ita
1458 2047 1597 2110 quod
1649 2046 1796 2110 potui

201 2113 423 2177 aspicere
448 2130 590 2170 eam;
629 2120 681 2162 et
706 2114 814 2178 ipsa
850 2113 1006 2162 etiam
1031 2113 1229 2177 aspexit
1254 2130 1337 2160 me
1362 2113 1507 2177 quasi
1532 2113 1689 2161 vellet
1713 2129 1797 2161 me

199 2181 524 2229 transvidere.
598 2180 673 2228 Et
696 2197 859 2245 nuper
877 2180 1052 2244 rogavi
1071 2196 1184 2227 eam
1203 2180 1351 2228 valde
1370 2181 1510 2244 quod
1534 2180 1690 2229 vellet
1714 2196 1797 2228 me

201 2247 386 2296 habere
429 2248 880 2296 commendatum:
923 2254 1050 2296 tunc
1087 2247 1220 2295 dixit
1255 2248 1394 2311 quod
1432 2265 1536 2296 non
1572 2264 1795 2296 amarem

202 2331 328 2363 eam.
403 2315 476 2363 Et
502 2332 598 2380 ego
623 2315 784 2363 iuravi
820 2315 958 2379 quod
995 2331 1221 2362 amarem
1247 2332 1360 2362 eam
1386 2315 1516 2363 sicut
1541 2314 1796 2380 propriam
1833 2336 1871 2366 50

201 2389 436 2437 matrem,
457 2388 510 2431 et
529 2382 712 2430 vellem
739 2383 912 2430 omnia
928 2382 1093 2430 facere
1117 2383 1181 2430 ad
1207 2382 1470 2430 servitium
1496 2382 1618 2438 eius,
1640 2382 1796 2430 etiam

202 2448 241 2496 si
283 2449 501 2498 solveret
543 2449 669 2497 mihi
711 2450 885 2498 vitam.
960 2450 1107 2497 Tunc
1155 2449 1417 2514 respondit
1459 2449 1545 2497 illa
1585 2448 1796 2514 pulchra

201 2517 390 2565 amasia
414 2533 557 2566 mea:
595 2525 624 2544 ‘⁶
642 2517 760 2581 Ego
788 2517 917 2566 bene
937 2516 1054 2564 volo
1074 2517 1246 2565 videre
1270 2534 1335 2564 an
1360 2522 1437 2565 est
1462 2517 1578 2571 ita‚”
1598 2522 1649 2564 et
1674 2515 1797 2563 fecit

201 2600 358 2631 unam
392 2600 594 2633 crucem
637 2585 700 2632 ad
742 2585 958 2632 domum
1001 2601 1146 2631 suam
1190 2601 1309 2631 cum
1346 2590 1499 2639 creta,
1542 2589 1594 2630 et
1636 2581 1795 2631 dixit:

202 2658 229 2676 ‘⁶
250 2651 304 2698 Si
329 2651 513 2699 amatis
549 2668 648 2707 me,
673 2658 801 2700 tunc
838 2668 1038 2716 semper
1072 2651 1135 2699 de
1172 2667 1281 2699 sero
1317 2651 1524 2714 quando
1549 2656 1627 2697 est
1651 2655 1795 2697 tene-
1831 2671 1869 2701 55

200 2717 424 2773 brosum,
467 2718 663 2766 debetis
705 2718 932 2767 osculare
974 2718 1115 2766 illam
1165 2735 1368 2766 crucem
1414 2723 1621 2782 propter
1667 2716 1794 2764 me.⁷’

201 2783 276 2832 Et
316 2801 411 2849 ego
436 2785 532 2833 feci
557 2785 730 2833 taliter
762 2803 850 2850 per
879 2785 1072 2832 multos
1102 2785 1221 2833 dies.
1295 2784 1443 2831 Tunc
1471 2783 1627 2831 semel
1652 2784 1796 2831 venit

202 2867 349 2906 unus,
387 2857 438 2899 et
473 2853 817 2917 permerdavit
860 2852 985 2900 mihi
1027 2869 1246 2908 crucem,
1290 2857 1341 2898 et
1383 2867 1479 2914 ego
1515 2850 1794 2898 osculando

201 2918 454 2965 maculavi
478 2936 550 2975 os,
576 2926 628 2967 et
665 2921 860 2974 dentes,
887 2926 939 2967 et
976 2935 1171 2966 nasum.
1246 2917 1320 2965 Et
1354 2917 1428 2964 fui
1466 2917 1612 2965 valde
1637 2917 1794 2965 iratus

202 3000 352 3049 super
375 3001 503 3033 eam.
578 2987 679 3034 Sed
704 2987 810 3051 ipsa
834 2986 1019 3034 iuravit
1044 2986 1107 3033 ad
1133 2990 1309 3032 sancta
1334 2991 1630 3032 sanctorum
1655 2985 1791 3049 quod
1831 3006 1868 3036 60

593 3092 619 3112 ²¹
645 3099 762 3128 stant:
788 3095 815 3112 “
828 3094 984 3136 reside,''
1005 3104 1174 3128 common
1192 3093 1229 3126 in
1250 3092 1290 3126 E.
1312 3092 1355 3126 O.
1374 3091 1418 3126 V.

593 3139 621 3158 ⁴²
647 3153 703 3175 ros
720 3143 803 3176 estas*
816 3153 828 3175 .·
853 3141 995 3175 Cantic.
1015 3141 1059 3173 iv.
1081 3142 1112 3177 7.

961 3201 1023 3246 57
