2247 3637
207 249 238 289 1.
263 249 330 300 46]
580 239 949 296 IOANNES
1004 240 1494 298 CURRIFICIS

637 350 691 386 Et
711 350 761 387 de
786 349 1089 394 Rollationibus,

637 404 692 440 Et
711 404 762 440 de
783 404 1200 453 praedicamentorum
1221 402 1559 449 distinctionibus,

640 458 694 494 Et
714 463 848 494 utrum
869 458 968 494 deus
988 461 1029 494 in
1051 457 1304 493 firmamento

644 511 705 548 Sit
726 514 766 548 in
785 511 918 561 aliquo
938 511 1265 561 praedicamento
1284 525 1292 547 :

642 564 760 610 Quod
782 578 902 602 nemo
923 565 1019 602 fecit
1038 569 1134 601 ante
1154 577 1247 602 eum

644 619 718 656 Per
736 622 868 655 omnia
889 619 1047 656 saecula
1066 619 1327 656 saeculorum.

313 707 414 755 Sed
440 708 503 754 de
536 707 632 755 hoc
662 709 972 757 sufficienter
997 725 1134 756 nunc
1163 709 1227 757 de
1257 707 1421 773 poetis
1452 708 1586 756 Volo
1616 707 1809 772 aliquid

210 774 377 822 dicere
424 775 506 823 vel
558 775 788 832 scribere,
837 782 888 823 et
940 775 1042 824 sic:
1096 775 1196 824 Est
1242 775 1322 823 hic
1369 791 1503 823 unus
1550 776 1640 839 qui
1688 774 1810 823 facit

212 841 476 890 Valerium
503 841 812 898 Maximum,
839 843 927 891 sed
956 843 1063 908 ipse
1087 860 1189 891 non
1218 842 1387 907 placet
1410 841 1535 890 mihi
1561 843 1612 889 in
1642 842 1811 890 media

212 915 358 974 parte
396 915 506 957 tam
545 910 676 957 bene
714 910 846 958 sicut
885 927 975 958 vos
1012 910 1137 959 mihi
1174 910 1435 974 placuistis
1476 910 1683 973 quando
1721 926 1811 957 vos

210 976 402 1025 fecistis
451 976 696 1024 Coloniae
744 977 1009 1025 Valerium
1062 978 1375 1033 Maximum,
1424 977 1544 1041 quia
1590 977 1675 1025 ille
1730 977 1812 1024 hic

212 1044 444 1109 procedit
485 1043 796 1108 simpliciter,
834 1061 925 1092 vos
962 1051 1135 1093 autem
1172 1045 1381 1108 quando
1417 1044 1609 1109 legistis
1644 1044 1714 1093 ibi
1750 1044 1814 1092 de

212 1111 450 1175 neglecta
490 1110 749 1176 religione,
792 1112 857 1160 de
900 1112 1138 1168 Somnus,
1175 1118 1226 1159 et
1270 1112 1333 1159 de
1374 1112 1646 1176 Auspitiis,
1688 1118 1815 1159 tunc

213 1178 468 1243 allegastis
494 1195 687 1226 sacram
707 1180 1026 1243 scripturam,
1043 1178 1282 1227 videlicet
1302 1179 1588 1227 Cathenam
1609 1195 1815 1227 auream

216 1263 348 1310 quae
379 1253 591 1293 vocatur
621 1246 943 1294 Continuum
972 1245 1111 1294 beati
1144 1247 1391 1301 Thomae,
1418 1247 1733 1294 Durandum
1764 1252 1816 1294 et

215 1313 338 1361 alios
381 1312 682 1360 sublimatos
729 1314 782 1361 in
823 1313 1121 1378 Theologia,
1160 1320 1213 1362 et
1254 1313 1467 1361 iussistis
1508 1315 1649 1377 quod
1688 1314 1817 1361 bene

215 1387 512 1428 notaremus
549 1380 635 1428 illa
672 1387 866 1444 puncta
907 1398 970 1429 ex
1007 1397 1146 1428 sacra
1180 1380 1367 1445 pagina
1402 1387 1454 1428 et
1489 1381 1817 1446 pingeremus

216 1447 286 1496 ibi
323 1464 480 1495 unam
516 1465 731 1496 manum
769 1455 822 1496 et
858 1448 1166 1495 disceremus
1202 1453 1546 1496 mentetenUS.
1637 1447 1818 1496 Sciatis

217 1515 374 1564 etiam
410 1515 550 1578 quod
574 1515 656 1562 hic
693 1531 798 1562 non
832 1514 1028 1563 intrant
1051 1522 1162 1562 tam
1198 1515 1364 1563 multa
1393 1515 1654 1579 supposita
1688 1515 1819 1563 sicut

218 1582 479 1638 Coloniae,
505 1582 624 1646 quia
644 1582 890 1630 Coloniae
915 1582 1181 1630 studentes
1206 1588 1424 1647 possunt
1447 1598 1555 1630 esse
1580 1582 1713 1630 sicut
1737 1582 1818 1630 hic

217 1657 340 1699 sunt
381 1655 636 1705 scutones,
679 1656 733 1697 et
779 1649 849 1697 ibi
896 1649 1053 1713 aliqui
1095 1649 1362 1698 studentes
1410 1656 1615 1697 scutant
1662 1649 1819 1697 etiam

217 1717 494 1783 parthecas‚
522 1716 661 1781 quod
693 1733 796 1764 non
826 1717 1011 1765 volunt
1039 1716 1119 1765 hic
1146 1717 1438 1774 concedere,
1465 1716 1586 1781 quia
1617 1723 1822 1781 oportet

218 1785 299 1832 hic
340 1784 480 1848 quod
518 1800 695 1832 omnes
734 1784 955 1832 habeant
994 1800 1225 1832 mensam
1264 1784 1317 1832 in
1354 1785 1506 1832 bursa
1542 1789 1594 1832 et
1633 1784 1734 1831 sint
1769 1785 1822 1832 in

217 1851 488 1900 matricula
528 1851 889 1899 universitatis.
969 1851 1070 1898 Sed
1106 1851 1342 1915 quamvis
1378 1851 1459 1899 hic
1496 1858 1617 1899 sunt
1656 1852 1822 1916 pauci,

217 1926 395 1968 tamen
421 1926 542 1967 sunt
566 1919 782 1967 audaces
807 1925 861 1966 et
885 1919 1015 1967 bene
1039 1926 1149 1966 tam
1173 1919 1390 1966 audaces
1415 1918 1547 1966 sicut
1571 1918 1644 1966 illi
1668 1919 1822 1967 multi

218 1987 272 2035 in
305 1986 564 2042 Coloniae,
595 1986 715 2049 quia
744 1986 838 2051 ipsi
868 1986 1190 2034 scalaverunt
1220 1986 1513 2051 nuperrime
1547 2003 1712 2034 unum
1748 2003 1822 2035 re-

217 2059 430 2119 gentem
465 2053 517 2101 in
558 2053 723 2108 bursa,
761 2053 850 2117 qui
891 2053 1036 2102 stetit
1078 2060 1197 2101 ante
1236 2071 1490 2101 cameram
1532 2060 1585 2101 et
1626 2053 1823 2102 audivit

219 2121 359 2186 quod
384 2121 616 2168 luserunt
641 2121 880 2169 interius:
911 2127 1039 2168 tunc
1059 2137 1192 2168 unus
1211 2120 1377 2168 voluit
1395 2120 1532 2168 exire
1556 2127 1609 2168 et
1627 2121 1825 2169 invenit

221 2204 341 2236 eum
369 2187 439 2235 ibi
467 2194 520 2235 et
554 2187 766 2252 proiecit
801 2205 922 2236 eum
958 2205 1048 2253 per
1081 2189 1284 2253 gradus.
1357 2188 1630 2236 Praeterea
1665 2189 1822 2236 etiam

221 2261 344 2304 sunt
372 2255 603 2311 audaces,
629 2256 749 2319 quia
777 2256 1076 2319 percutiunt
1105 2273 1156 2303 se
1190 2255 1270 2303 hic
1301 2272 1419 2303 cum
1444 2255 1658 2303 reuteris
1690 2255 1822 2303 sicut

220 2323 417 2371 faciunt
454 2322 698 2370 Coloniae
736 2340 854 2370 cum
890 2322 1274 2379 Doleatoribus,
1311 2329 1363 2370 et
1399 2322 1646 2371 incedunt
1681 2339 1824 2371 more

220 2397 541 2438 reuterorum
566 2407 684 2437 cum
709 2390 973 2454 productis
997 2390 1178 2455 gladiis
1207 2397 1261 2438 et
1290 2390 1507 2438 Chordis
1539 2396 1592 2438 et
1626 2389 1822 2454 Spadis,

222 2457 378 2505 etiam
405 2473 524 2505 cum
555 2457 851 2522 plumbatis,
878 2458 966 2506 ubi
995 2457 1188 2505 habent
1212 2458 1490 2513 cordulam,
1518 2463 1576 2504 ut
1607 2462 1824 2521 possunt

222 2524 410 2572 iactare
448 2531 502 2572 et
542 2525 730 2572 iterum
773 2526 836 2572 ad
884 2542 936 2573 se
977 2525 1177 2572 trahere
1225 2541 1387 2589 nuper
1434 2523 1589 2572 semel
1636 2523 1824 2572 reuteri

223 2598 524 2639 secaverunt
566 2591 646 2640 hic
689 2609 853 2640 unum
895 2592 1250 2640 Domicellum
1291 2609 1381 2656 per
1422 2591 1643 2638 scabiem
1684 2591 1823 2654 quod

225 2658 408 2706 cecidit
454 2659 517 2706 ad
563 2665 786 2715 terram;
841 2660 929 2708 sed
978 2660 1080 2707 cito
1127 2659 1346 2708 surrexit
1394 2665 1446 2706 et
1493 2657 1725 2706 defendit
1773 2674 1824 2705 se

226 2725 427 2772 realiter
451 2732 503 2773 et
532 2727 779 2790 percussit
809 2733 860 2774 et
891 2726 1080 2775 secavit
1115 2743 1199 2774 eos
1233 2742 1409 2773 omnes
1439 2725 1577 2789 quod
1606 2725 1824 2772 habuer-

226 2797 323 2838 unt
358 2791 607 2840 Sanctum
644 2794 996 2851 Valentinum,
1022 2800 1074 2841 et
1110 2809 1287 2840 omnes
1321 2792 1591 2839 currebant
1625 2792 1822 2857 fugens.

276 2882 317 2902 ¹⁰⁹
345 2886 416 2918 (‘at.
434 2888 525 2918 Aur.
574 2886 618 2920 In
644 2886 701 2920 his
726 2887 934 2922 dedication
953 2892 992 2921 to
1060 2887 1108 2932 by
1126 2887 1162 2920 J.
1185 2886 1233 2920 H.
1264 2886 1452 2927 Newman,
1470 2890 1509 2920 to
1537 2887 1668 2920 C'atena
1687 2889 1823 2929 Aurea,

228 2930 353 2964 Urban
373 2930 434 2964 IV.
449 2932 514 2966 the
530 2933 665 2967 author
681 2934 799 2968 called
817 2934 874 2968 his
892 2934 993 2968 work
1061 2934 1218 2975 Oxford,
1240 2933 1342 2966 1842.

230 2978 258 2995 “
273 2978 461 3021 Expositio
503 2980 737 3022 continua”;
781 2981 846 3015 the
884 2993 993 3015 name
1110 2980 1150 2998 ¹¹⁰
1176 2982 1340 3014 Imrand.
1354 2992 1366 3013 .·
1383 2980 1419 3013 ii.
1442 2979 1501 3021 52,
1521 2991 1556 3012 η.

230 3025 369 3058 Catena
386 3036 456 3058 was
473 3030 539 3059 not
555 3026 701 3071 applied
718 3032 757 3061 to
775 3029 805 3062 it
820 3028 881 3062 till
899 3028 994 3062 after
1110 3028 1153 3045 ¹³³³
1179 3029 1293 3061 Sanct.
1322 3028 1393 3062 Val.
1409 3039 1420 3060 :
1438 3027 1514 3060 said
1533 3026 1575 3060 of
1595 3038 1665 3062 one
1683 3027 1827 3071 subject

230 3071 287 3105 his
317 3071 440 3105 death.
492 3072 605 3117 Early
633 3074 714 3107 edd.
746 3075 839 3109 have
872 3077 994 3109 Glossa
1061 3079 1100 3108 to
1118 3073 1293 3118 epilepsy.

231 3120 416 3161 Continuo,
443 3129 484 3152 or
511 3120 733 3155 C'ontinuum.
785 3122 852 3155 See
878 3122 993 3163 Pref.‚
1110 3120 1324 3163 ¹³³fl19ens:
1350 3120 1438 3154 used
1456 3132 1494 3153 as
1512 3132 1558 3154 an
1578 3121 1724 3156 adverb.

984 3181 1076 3227 117

1839 568 1897 599 100

1847 925 1903 955 105

1852 1258 1909 1288 110

1855 1598 1912 1628 115

1856 1938 1915 1968 120

1856 2272 1914 2302 125

1859 2606 1916 2637 130
