2247 3637
191 280 246 318 11.
267 283 309 330 9]
501 269 963 326 PHILIPPUS
1018 269 1586 327 SCHLAURAFF

190 377 264 426 Et
289 378 358 425 sic
378 377 512 424 abivi
538 393 675 432 mox,
746 377 981 440 quamvis
1006 377 1106 425 fuit
1125 377 1300 425 statim
1327 377 1460 425 Nox.

190 445 264 492 Et
290 444 405 492 veni
431 444 493 491 ad
522 444 927 500 Francfurdiam,
999 461 1131 508 quae
1156 444 1286 491 iacet
1310 445 1446 508 apud
1473 444 1728 492 Oderam:
1822 463 1860 492 50

195 511 272 560 Ibi
301 512 634 560 Hermannus
660 511 944 559 Trebellius
1015 527 1132 558 cum
1159 511 1260 559 suis
1284 510 1607 575 poematibus

192 579 427 627 Multum
452 594 534 625 me
560 578 843 634 infamavit,
915 584 967 626 et
991 578 1232 626 audacter
1257 577 1658 643 blasphemavit;

192 646 409 694 Necnon
434 645 537 692 duo
564 644 815 700 Osthenii‚
887 645 975 708 qui
1001 651 1122 693 sunt
1147 644 1280 693 illius
1307 644 1555 709 discipuli,

189 713 299 770 Qui
326 711 502 759 multis
528 711 917 775 cognominibus
989 712 1245 760 vexabant
1269 728 1353 760 me
1377 711 1429 759 in
1455 711 1666 760 Civibus
1688 728 1698 759 ε

191 779 280 827 Do
305 779 436 826 hiess
461 778 596 825 mich
623 778 702 826 die
727 786 880 842 gantz
900 785 1028 827 statt
1098 786 1126 806 ‘⁶
1144 779 1232 828 das
1254 778 1493 827 Colnisch
1515 778 1787 843 Copulat‚”
1825 794 1863 823 55

194 847 277 894 Ita
323 845 462 910 quod
510 845 769 893 ambulavi
817 846 868 893 in
916 846 1201 902 Austriam,
1271 846 1335 894 ad
1383 862 1552 894 meam
1600 845 1789 893 malam

325 913 588 960 fortunam
609 930 618 960 :

191 979 333 1037 Quia
358 978 669 1027 Collimitius
741 979 932 1041 (veniat
955 980 1001 1028 ei
1025 987 1231 1028 sanctus
1255 980 1575 1040 Anthonius)

194 1047 320 1095 Fuit
344 1046 412 1094 ibi
438 1047 648 1102 Rector,
719 1053 771 1094 et
796 1063 942 1095 meus
967 1047 1269 1104 inimicator‚

194 1114 242 1161 V
246 1130 397 1162 ocans
423 1130 506 1161 me
528 1113 845 1169 traditorem,
917 1121 968 1162 et
994 1114 1170 1163 volens
1195 1130 1382 1179 ponere
1407 1115 1470 1162 ad
1506 1114 1789 1169 Carcerem,
1827 1125 1864 1154 00

193 1181 306 1229 Nisi
332 1180 533 1229 fecisset
561 1181 852 1229 Heckman.
927 1182 1028 1229 Sed
1055 1181 1347 1230 Ioachimus
1372 1180 1588 1237 Vadian,

192 1248 406 1297 Novum
431 1248 788 1304 infortunium,
859 1254 1067 1313 poi-pter
1091 1249 1472 1313 Pepercornum

194 1316 408 1364 Mecum
433 1314 502 1362 ibi
527 1315 734 1379 incepit,
806 1316 925 1379 quia
950 1332 1069 1364 eum
1097 1315 1364 1380 vilipendit

195 1383 260 1430 In
285 1399 375 1430 sua
399 1382 708 1438 defensione,
778 1383 1013 1446 quamvis
1038 1399 1157 1430 cum
1180 1399 1368 1446 magna
1391 1381 1600 1430 ratione.

193 1450 344 1498 Tunc
370 1450 473 1497 dixi
501 1450 641 1513 quod
667 1467 781 1497 sum
806 1449 1064 1506 innocens,
1135 1456 1186 1498 et
1210 1449 1385 1513 rogavi
1409 1466 1529 1497 eum
1555 1449 1695 1503 flens,
1828 1463 1867 1493 65

192 1517 354 1574 Quod
379 1516 534 1565 vellet
558 1533 643 1565 me
668 1516 957 1573 dimittere;
1026 1522 1154 1565 tunc
1179 1516 1313 1564 dixit
1336 1516 1382 1564 ei
1405 1516 1562 1564 tacite

194 1585 391 1632 Rector
415 1584 594 1632 bursae
618 1584 724 1640 lilii,
795 1584 934 1647 quod
959 1583 1202 1632 retineret
1227 1599 1311 1631 ine
1337 1599 1455 1632 cum
1481 1582 1545 1630 vi.

194 1650 270 1699 Et
295 1651 426 1699 dixit
451 1651 809 1716 Cuspinianus,
881 1667 1036 1714 quem
1061 1657 1201 1698 amat
1226 1667 1313 1698 rex
1342 1649 1742 1705 Maximilianus,

193 1720 355 1775 Quod
402 1718 631 1782 magistri
678 1718 730 1766 in
777 1717 970 1765 artibus
1040 1724 1161 1766 sunt
1208 1718 1444 1766 doctores
1482 1717 1533 1764 in
1574 1715 1796 1782 peccatis

330 1785 644 1833 mortalibus.
1831 1797 1869 1828 το

195 1854 344 1902 Tunc
369 1853 535 1917 incepi
555 1852 672 1900 inde
696 1852 926 1908 transire,
997 1859 1050 1901 et
1075 1852 1139 1900 ad
1166 1852 1460 1917 Ingolstadt
1485 1851 1670 1900 venire.

197 1921 303 1969 Hic
340 1920 672 1968 Philomusus
709 1918 922 1976 habitat,
984 1926 1037 1968 et
1076 1925 1256 1968 contra
1291 1918 1582 1983 Theologos
1624 1917 1796 1966 metri-

329 1988 462 2035 fleat.

195 2055 345 2103 Tunc
369 2055 558 2103 timens
583 2054 691 2102 eius
716 2053 901 2102 furiam
970 2053 1181 2103 transivi
1206 2054 1269 2102 ad
1297 2053 1694 2117 Nurmbergam,

196 2122 305 2170 Ubi
330 2121 540 2185 quidam
566 2120 950 2185 Pii-ckheymer‚
1022 2121 1110 2185 qui
1135 2137 1237 2169 non
1264 2126 1341 2168 est
1368 2121 1634 2185 Magister,
1833 2132 1870 2163 75

197 2189 348 2237 Fecit
372 2189 497 2236 mihi
521 2188 821 2237 instantiam
844 2205 853 2236 ε
925 2189 1013 2236 sed
1038 2188 1209 2236 audivi
1233 2187 1304 2236 ibi
1324 2188 1471 2243 clam,

197 2257 357 2313 Quod
382 2273 502 2304 cum
527 2255 704 2304 multis
731 2255 876 2304 sociis
946 2255 995 2303 in
1022 2256 1251 2321 partibus
1275 2255 1485 2304 diversis

199 2324 395 2388 Magna
419 2323 470 2370 in
497 2323 862 2371 Coniuratione
931 2323 1087 2371 vellet
1111 2329 1242 2371 stare
1266 2339 1358 2387 pro
1385 2322 1662 2386 Capnione‚

199 2391 273 2439 Et
299 2396 478 2438 contra
502 2407 593 2438 nos
619 2389 910 2454 Theologos
980 2390 1148 2438 facere
1173 2390 1364 2438 multos
1389 2389 1556 2438 libros.

199 2457 274 2506 Et
297 2457 399 2506 fuit
424 2457 548 2506 mihi
574 2457 789 2514 dictum,
859 2457 998 2521 quod
1023 2458 1225 2506 noviter
1248 2473 1412 2505 unum
1437 2456 1624 2504 librum
1833 2466 1871 2496 80

201 2523 414 2590 Scripsit
439 2525 503 2573 de
529 2541 693 2580 usura,
765 2540 924 2588 quam
949 2524 1179 2573 admittit
1205 2524 1500 2588 Theologia,

201 2592 348 2641 Sicut
378 2592 641 2639 Bononiae
671 2598 749 2639 est
778 2591 1099 2656 disputatum
1176 2598 1230 2640 et
1258 2608 1347 2656 per
1376 2591 1654 2654 Magistros
1682 2602 1799 2634 nos-

333 2665 440 2707 tros
464 2659 752 2724 probatum.

203 2725 286 2773 Sic
304 2725 372 2774 ivi
387 2733 504 2791 post
520 2743 683 2774 unum
699 2742 930 2774 mensem
983 2726 1046 2773 ad
1063 2725 1450 2774 universitatem
1467 2723 1770 2787 Lipsensem
1789 2737 1799 2768 τ

203 2792 312 2839 Ubi
337 2793 624 2840 Richardus
650 2793 860 2848 Crocus,
931 2793 1019 2856 qui
1045 2792 1232 2841 dicitur
1257 2808 1364 2840 esse
1391 2790 1661 2853 AnglicuS,
1834 2801 1873 2830 85

202 2859 349 2908 Vidit
374 2876 457 2907 me
481 2877 570 2924 per
595 2860 747 2915 viam,
819 2866 871 2908 et
896 2859 1029 2908 dixit
1054 2868 1081 2886 ‘⁶
1102 2859 1242 2907 illam
1268 2859 1484 2907 bestiam

275 3007 302 3026 ⁵¹
324 3010 439 3043 Treb..·
461 3013 564 3043 tutor
582 3010 624 3043 of
639 3009 766 3044 Ulrich
784 3022 856 3044 von
875 3010 1033 3045 Hutten.

272 3054 300 3074 ⁵³
320 3057 436 3090 ().s·th..·
476 3055 642 3090 «Ioannes
674 3058 747 3090 and
782 3056 994 3092 Alexander
1028 3068 1099 3090 von
1133 3057 1199 3091 der
1232 3055 1391 3098 Osthen,
1422 3059 1461 3089 to
1495 3054 1612 3088 whom
1657 3053 1804 3089 Hutten

202 3102 398 3138 dedicated
416 3102 473 3136 his
491 3106 564 3136 Ans>
588 3104 858 3146 I'ersfiz-atoria.

273 3148 300 3168 ⁵⁸
318 3152 350 3182 S.
369 3153 453 3183 Ant.
467 3162 478 3184 .·
505 3152 555 3183 ias.
576 3149 610 3184 S.
629 3150 837 3196 Anthony's
856 3148 1178 3196 lire-erysipelas
1391 3147 1419 3166 ⁶²
1441 3160 1537 3192 perp.
1584 3151 1653 3191 sic,
1671 3149 1708 3182 in
1727 3145 1803 3193 [D].

962 3211 1056 3252 149
