<?xml version="1.0" encoding="UTF-8"?>
<!DOCTYPE html PUBLIC "-//W3C//DTD XHTML 1.0 Transitional//EN"
    "http://www.w3.org/TR/xhtml1/DTD/xhtml1-transitional.dtd">
<html xmlns="http://www.w3.org/1999/xhtml" xml:lang="en" lang="en">
 <head>
  <title>
</title>
<meta http-equiv="Content-Type" content="text/html;charset=utf-8" />
  <meta name='ocr-system' content='tesseract 3.04.00' />
  <meta name='ocr-capabilities' content='ocr_page ocr_carea ocr_par ocr_line ocrx_word'/>
</head>
<body>
  <div class='ocr_page' id='page_1' title='image "./epistolaeobscuro00huttuoft_0237.png"; bbox 0 0 2247 3637; ppageno 0'>
   <div class='ocr_carea' id='block_1_1' title="bbox 938 505 1073 553">
    <p class='ocr_par' dir='ltr' id='par_1_1' title="bbox 938 505 1073 553">
     <span class='ocr_line' id='line_1_1' title="bbox 938 505 1073 553; baseline -0.007 0"><span class='ocrx_word' id='word_1_1' title='bbox 938 505 1073 553; x_wconf 91' lang='lat' dir='ltr'>XLI</span> 
     </span>
    </p>
   </div>
   <div class='ocr_carea' id='block_1_2' title="bbox 213 637 1806 823">
    <p class='ocr_par' dir='ltr' id='par_1_2' title="bbox 213 637 1806 823">
     <span class='ocr_line' id='line_1_2' title="bbox 213 637 1804 690; baseline -0.003 -1"><span class='ocrx_word' id='word_1_2' title='bbox 213 643 276 690; x_wconf 70' lang='grc' dir='ltr'>(ἰ</span> <span class='ocrx_word' id='word_1_3' title='bbox 321 641 373 687; x_wconf 86' lang='lat' dir='ltr'><em>V</em></span> <span class='ocrx_word' id='word_1_4' title='bbox 369 641 597 688; x_wconf 69' lang='lat' dir='ltr'><strong><em>ILJPA</em></strong></span> <span class='ocrx_word' id='word_1_5' title='bbox 616 641 701 688; x_wconf 88' lang='lat' dir='ltr'>TI</span> <span class='ocrx_word' id='word_1_6' title='bbox 708 641 801 688; x_wconf 80' lang='lat' dir='ltr'>US</span> <span class='ocrx_word' id='word_1_7' title='bbox 830 641 948 687; x_wconf 80' lang='lat' dir='ltr'>DE</span> <span class='ocrx_word' id='word_1_8' title='bbox 982 639 1032 687; x_wconf 83' lang='lat' dir='ltr'><em>A</em></span> <span class='ocrx_word' id='word_1_9' title='bbox 1042 640 1162 687; x_wconf 76' lang='lat' dir='ltr'>NT</span> <span class='ocrx_word' id='word_1_10' title='bbox 1171 638 1481 686; x_wconf 78' lang='lat' dir='ltr'><em>WERPIA</em></span> <span class='ocrx_word' id='word_1_11' title='bbox 1521 637 1628 684; x_wconf 79' lang='lat' dir='ltr'>BA</span> <span class='ocrx_word' id='word_1_12' title='bbox 1641 637 1804 686; x_wconf 80' lang='lat' dir='ltr'><em>CCA-</em></span> 
     </span>
     <span class='ocr_line' id='line_1_3' title="bbox 382 705 1806 768; baseline -0.002 -14"><span class='ocrx_word' id='word_1_13' title='bbox 382 708 487 754; x_wconf 75' lang='lat' dir='ltr'>LA</span> <span class='ocrx_word' id='word_1_14' title='bbox 506 708 745 754; x_wconf 70' lang='lat' dir='ltr'><em>URIUS</em></span> <span class='ocrx_word' id='word_1_15' title='bbox 776 708 855 755; x_wconf 82' lang='lat' dir='ltr'>M.</span> <span class='ocrx_word' id='word_1_16' title='bbox 888 707 1104 755; x_wconf 79' lang='lat' dir='ltr'>Ortvz‘no</span> <span class='ocrx_word' id='word_1_17' title='bbox 1144 706 1276 755; x_wconf 78' lang='lat' dir='ltr'>Gra.</span> <span class='ocrx_word' id='word_1_18' title='bbox 1316 705 1469 753; x_wconf 77' lang='lat' dir='ltr'>amico</span> <span class='ocrx_word' id='word_1_19' title='bbox 1507 721 1596 753; x_wconf 77' lang='lat' dir='ltr'>suo</span> <span class='ocrx_word' id='word_1_20' title='bbox 1633 705 1806 768; x_wconf 74' lang='lat' dir='ltr'>singu-</span> 
     </span>
     <span class='ocr_line' id='line_1_4' title="bbox 384 773 1302 823; baseline -0.002 -2"><span class='ocrx_word' id='word_1_21' title='bbox 384 773 622 822; x_wconf 55' lang='lat' dir='ltr'>lari-§.simo</span> <span class='ocrx_word' id='word_1_22' title='bbox 649 773 871 823; x_wconf 70' lang='lat' dir='ltr'>Salutem</span> <span class='ocrx_word' id='word_1_23' title='bbox 898 775 1016 822; x_wconf 79' lang='lat' dir='ltr'>dicit</span> <span class='ocrx_word' id='word_1_24' title='bbox 1044 774 1302 821; x_wconf 74' lang='lat' dir='ltr'>maoeimam</span> 
     </span>
    </p>
   </div>
   <div class='ocr_carea' id='block_1_3' title="bbox 215 905 1816 2854">
    <p class='ocr_par' dir='ltr' id='par_1_3' title="bbox 332 905 1808 972">
     <span class='ocr_line' id='line_1_5' title="bbox 332 905 1808 972; baseline -0.001 -18"><span class='ocrx_word' id='word_1_25' title='bbox 332 907 516 955; x_wconf 85' lang='lat' dir='ltr'>ENIT</span> <span class='ocrx_word' id='word_1_26' title='bbox 543 908 605 954; x_wconf 91' lang='lat' dir='ltr'>ad</span> <span class='ocrx_word' id='word_1_27' title='bbox 626 924 709 956; x_wconf 89' lang='lat' dir='ltr'>me</span> <span class='ocrx_word' id='word_1_28' title='bbox 736 924 868 955; x_wconf 90' lang='lat' dir='ltr'>unus</span> <span class='ocrx_word' id='word_1_29' title='bbox 892 907 1157 972; x_wconf 88' lang='lat' dir='ltr'>religiosus</span> <span class='ocrx_word' id='word_1_30' title='bbox 1177 906 1364 955; x_wconf 85' lang='lat' dir='ltr'>ordinis</span> <span class='ocrx_word' id='word_1_31' title='bbox 1383 905 1808 971; x_wconf 87' lang='lat' dir='ltr'>praedicatorum,</span> 
     </span>
    </p>

    <p class='ocr_par' dir='ltr' id='par_1_4' title="bbox 215 972 1816 2854">
     <span class='ocr_line' id='line_1_6' title="bbox 364 972 1808 1040; baseline -0.001 -18"><span class='ocrx_word' id='word_1_32' title='bbox 364 974 641 1040; x_wconf 90' lang='lat' dir='ltr'>discipulus</span> <span class='ocrx_word' id='word_1_33' title='bbox 683 975 915 1040; x_wconf 80' lang='lat' dir='ltr'>magistri</span> <span class='ocrx_word' id='word_1_34' title='bbox 962 975 1123 1023; x_wconf 89' lang='lat' dir='ltr'>nostri</span> <span class='ocrx_word' id='word_1_35' title='bbox 1168 973 1341 1022; x_wconf 90' lang='lat' dir='ltr'>Iacobi</span> <span class='ocrx_word' id='word_1_36' title='bbox 1390 973 1453 1021; x_wconf 93' lang='lat' dir='ltr'>de</span> <span class='ocrx_word' id='word_1_37' title='bbox 1505 972 1808 1028; x_wconf 86' lang='lat' dir='ltr'>Hochstrat‚</span> 
     </span>
     <span class='ocr_line' id='line_1_7' title="bbox 216 1039 1812 1107; baseline -0.001 -18"><span class='ocrx_word' id='word_1_38' title='bbox 216 1041 499 1091; x_wconf 79' lang='lat' dir='ltr'>haereticae</span> <span class='ocrx_word' id='word_1_39' title='bbox 537 1042 802 1107; x_wconf 81' lang='lat' dir='ltr'>pravitatis</span> <span class='ocrx_word' id='word_1_40' title='bbox 843 1042 1182 1106; x_wconf 87' lang='lat' dir='ltr'>exquisitoris,</span> <span class='ocrx_word' id='word_1_41' title='bbox 1213 1048 1266 1090; x_wconf 89' lang='lat' dir='ltr'>et</span> <span class='ocrx_word' id='word_1_42' title='bbox 1295 1040 1539 1090; x_wconf 88' lang='lat' dir='ltr'>salutavit</span> <span class='ocrx_word' id='word_1_43' title='bbox 1567 1056 1664 1088; x_wconf 90' lang='lat' dir='ltr'>me.</span> <span class='ocrx_word' id='word_1_44' title='bbox 1738 1039 1812 1088; x_wconf 90' lang='lat' dir='ltr'>Et</span> 
     </span>
     <span class='ocr_line' id='line_1_8' title="bbox 216 1107 1811 1174; baseline -0.003 -16"><span class='ocrx_word' id='word_1_45' title='bbox 216 1109 392 1158; x_wconf 88' lang='lat' dir='ltr'>statim</span> <span class='ocrx_word' id='word_1_46' title='bbox 418 1109 757 1174; x_wconf 83' lang='lat' dir='ltr'>interrogavi:</span> <span class='ocrx_word' id='word_1_47' title='bbox 797 1109 987 1166; x_wconf 84' lang='lat' dir='ltr'>“Quid</span> <span class='ocrx_word' id='word_1_48' title='bbox 1012 1110 1134 1157; x_wconf 88' lang='lat' dir='ltr'>facit</span> <span class='ocrx_word' id='word_1_49' title='bbox 1167 1109 1360 1157; x_wconf 89' lang='lat' dir='ltr'>amicus</span> <span class='ocrx_word' id='word_1_50' title='bbox 1391 1124 1536 1156; x_wconf 88' lang='lat' dir='ltr'>meus</span> <span class='ocrx_word' id='word_1_51' title='bbox 1570 1107 1811 1171; x_wconf 84' lang='lat' dir='ltr'>singular-</span> 
     </span>
     <span class='ocr_line' id='line_1_9' title="bbox 215 1173 1811 1242; baseline -0.002 -18"><span class='ocrx_word' id='word_1_52' title='bbox 215 1176 416 1225; x_wconf 88' lang='lat' dir='ltr'>issimus</span> <span class='ocrx_word' id='word_1_53' title='bbox 441 1176 683 1242; x_wconf 85' lang='lat' dir='ltr'>magister</span> <span class='ocrx_word' id='word_1_54' title='bbox 717 1177 966 1225; x_wconf 80' lang='lat' dir='ltr'>Ortvinus</span> <span class='ocrx_word' id='word_1_55' title='bbox 1005 1175 1231 1231; x_wconf 76' lang='lat' dir='ltr'>GratiUS,</span> <span class='ocrx_word' id='word_1_56' title='bbox 1257 1194 1286 1224; x_wconf 91' lang='lat' dir='ltr'>a</span> <span class='ocrx_word' id='word_1_57' title='bbox 1318 1192 1421 1239; x_wconf 93' lang='lat' dir='ltr'>quo</span> <span class='ocrx_word' id='word_1_58' title='bbox 1459 1174 1627 1223; x_wconf 89' lang='lat' dir='ltr'>multa</span> <span class='ocrx_word' id='word_1_59' title='bbox 1658 1173 1811 1222; x_wconf 92' lang='lat' dir='ltr'>didici</span> 
     </span>
     <span class='ocr_line' id='line_1_10' title="bbox 215 1241 1810 1309; baseline 0 -19"><span class='ocrx_word' id='word_1_60' title='bbox 215 1243 267 1293; x_wconf 93' lang='lat' dir='ltr'>in</span> <span class='ocrx_word' id='word_1_61' title='bbox 292 1243 456 1308; x_wconf 87' lang='lat' dir='ltr'>logica</span> <span class='ocrx_word' id='word_1_62' title='bbox 480 1250 532 1293; x_wconf 91' lang='lat' dir='ltr'>et</span> <span class='ocrx_word' id='word_1_63' title='bbox 558 1244 696 1309; x_wconf 90' lang='lat' dir='ltr'>poesi</span> <span class='ocrx_word' id='word_1_64' title='bbox 717 1245 771 1292; x_wconf 73' lang='lat'>?’&#39;</span> <span class='ocrx_word' id='word_1_65' title='bbox 843 1244 918 1292; x_wconf 89' lang='lat' dir='ltr'>Et</span> <span class='ocrx_word' id='word_1_66' title='bbox 949 1243 1211 1309; x_wconf 78' lang='lat' dir='ltr'>respondit</span> <span class='ocrx_word' id='word_1_67' title='bbox 1242 1243 1380 1307; x_wconf 91' lang='lat' dir='ltr'>quod</span> <span class='ocrx_word' id='word_1_68' title='bbox 1411 1242 1531 1290; x_wconf 89' lang='lat' dir='ltr'>estis</span> <span class='ocrx_word' id='word_1_69' title='bbox 1569 1241 1810 1290; x_wconf 88' lang='lat' dir='ltr'>infirmis:</span> 
     </span>
     <span class='ocr_line' id='line_1_11' title="bbox 215 1309 1811 1375; baseline -0.002 -16"><span class='ocrx_word' id='word_1_70' title='bbox 215 1317 342 1359; x_wconf 99' lang='grc' dir='ltr'>ωηο</span> <span class='ocrx_word' id='word_1_71' title='bbox 368 1311 525 1359; x_wconf 83' lang='lat' dir='ltr'>cecidi</span> <span class='ocrx_word' id='word_1_72' title='bbox 550 1311 602 1359; x_wconf 90' lang='lat' dir='ltr'>in</span> <span class='ocrx_word' id='word_1_73' title='bbox 626 1318 814 1360; x_wconf 91' lang='lat' dir='ltr'>terram</span> <span class='ocrx_word' id='word_1_74' title='bbox 840 1317 960 1360; x_wconf 91' lang='lat' dir='ltr'>ante</span> <span class='ocrx_word' id='word_1_75' title='bbox 984 1311 1137 1375; x_wconf 89' lang='lat' dir='ltr'>pedes</span> <span class='ocrx_word' id='word_1_76' title='bbox 1157 1310 1264 1358; x_wconf 91' lang='lat' dir='ltr'>eius</span> <span class='ocrx_word' id='word_1_77' title='bbox 1283 1326 1401 1375; x_wconf 86' lang='lat' dir='ltr'>prae</span> <span class='ocrx_word' id='word_1_78' title='bbox 1425 1316 1630 1357; x_wconf 89' lang='lat' dir='ltr'>terrore.</span> <span class='ocrx_word' id='word_1_79' title='bbox 1693 1309 1811 1374; x_wconf 89' lang='lat' dir='ltr'>Ipse</span> 
     </span>
     <span class='ocr_line' id='line_1_12' title="bbox 217 1376 1812 1443; baseline -0.002 -18"><span class='ocrx_word' id='word_1_80' title='bbox 217 1395 300 1427; x_wconf 90' lang='lat' dir='ltr'>me</span> <span class='ocrx_word' id='word_1_81' title='bbox 338 1379 564 1443; x_wconf 87' lang='lat' dir='ltr'>perfudit</span> <span class='ocrx_word' id='word_1_82' title='bbox 606 1395 724 1426; x_wconf 89' lang='lat' dir='ltr'>cum</span> <span class='ocrx_word' id='word_1_83' title='bbox 764 1395 896 1441; x_wconf 91' lang='lat' dir='ltr'>aqua</span> <span class='ocrx_word' id='word_1_84' title='bbox 934 1377 1133 1442; x_wconf 87' lang='lat' dir='ltr'>frigida,</span> <span class='ocrx_word' id='word_1_85' title='bbox 1167 1384 1219 1426; x_wconf 91' lang='lat' dir='ltr'>et</span> <span class='ocrx_word' id='word_1_86' title='bbox 1259 1376 1515 1425; x_wconf 82' lang='lat' dir='ltr'>crinisavit</span> <span class='ocrx_word' id='word_1_87' title='bbox 1553 1393 1636 1424; x_wconf 91' lang='lat' dir='ltr'>me</span> <span class='ocrx_word' id='word_1_88' title='bbox 1675 1376 1812 1441; x_wconf 89' lang='lat' dir='ltr'>apud</span> 
     </span>
     <span class='ocr_line' id='line_1_13' title="bbox 218 1443 1813 1510; baseline -0.001 -18"><span class='ocrx_word' id='word_1_89' title='bbox 218 1445 474 1510; x_wconf 90' lang='lat' dir='ltr'>pudenda,</span> <span class='ocrx_word' id='word_1_90' title='bbox 508 1452 561 1494; x_wconf 89' lang='lat' dir='ltr'>et</span> <span class='ocrx_word' id='word_1_91' title='bbox 597 1445 684 1494; x_wconf 82' lang='lat' dir='ltr'>vix</span> <span class='ocrx_word' id='word_1_92' title='bbox 728 1445 1022 1494; x_wconf 82' lang='lat' dir='ltr'>suscitavit:</span> <span class='ocrx_word' id='word_1_93' title='bbox 1059 1451 1186 1493; x_wconf 92' lang='grc' dir='ltr'>ωηο</span> <span class='ocrx_word' id='word_1_94' title='bbox 1225 1443 1359 1492; x_wconf 87' lang='lat' dir='ltr'>dixi:</span> <span class='ocrx_word' id='word_1_95' title='bbox 1397 1444 1491 1491; x_wconf 87' lang='lat' dir='ltr'>“O</span> <span class='ocrx_word' id='word_1_96' title='bbox 1535 1460 1691 1507; x_wconf 90' lang='lat' dir='ltr'>quam</span> <span class='ocrx_word' id='word_1_97' title='bbox 1730 1458 1813 1490; x_wconf 92' lang='lat' dir='ltr'>me</span> 
     </span>
     <span class='ocr_line' id='line_1_14' title="bbox 215 1510 1813 1576; baseline -0.003 -15"><span class='ocrx_word' id='word_1_98' title='bbox 215 1513 496 1561; x_wconf 78' lang='lat' dir='ltr'>terruistis!</span> <span class='ocrx_word' id='word_1_99' title='bbox 527 1530 659 1576; x_wconf 91' lang='lat' dir='ltr'>quae</span> <span class='ocrx_word' id='word_1_100' title='bbox 683 1520 761 1561; x_wconf 88' lang='lat' dir='ltr'>est</span> <span class='ocrx_word' id='word_1_101' title='bbox 785 1512 892 1560; x_wconf 90' lang='lat' dir='ltr'>eius</span> <span class='ocrx_word' id='word_1_102' title='bbox 911 1511 1179 1560; x_wconf 87' lang='lat' dir='ltr'>infirmitas</span> <span class='ocrx_word' id='word_1_103' title='bbox 1201 1512 1260 1559; x_wconf 76' lang='lat'>?”</span> <span class='ocrx_word' id='word_1_104' title='bbox 1288 1517 1341 1559; x_wconf 90' lang='lat' dir='ltr'>et</span> <span class='ocrx_word' id='word_1_105' title='bbox 1365 1511 1452 1566; x_wconf 90' lang='lat' dir='ltr'>ait,</span> <span class='ocrx_word' id='word_1_106' title='bbox 1469 1510 1608 1574; x_wconf 93' lang='lat' dir='ltr'>quod</span> <span class='ocrx_word' id='word_1_107' title='bbox 1633 1511 1813 1558; x_wconf 86' lang='lat' dir='ltr'>dextra</span> 
     </span>
     <span class='ocr_line' id='line_1_15' title="bbox 217 1577 1814 1635; baseline -0.003 -7"><span class='ocrx_word' id='word_1_108' title='bbox 217 1586 384 1628; x_wconf 80' lang='lat' dir='ltr'>vestra</span> <span class='ocrx_word' id='word_1_109' title='bbox 422 1580 648 1628; x_wconf 88' lang='lat' dir='ltr'>mamilla</span> <span class='ocrx_word' id='word_1_110' title='bbox 687 1586 763 1628; x_wconf 92' lang='lat' dir='ltr'>est</span> <span class='ocrx_word' id='word_1_111' title='bbox 799 1579 990 1635; x_wconf 87' lang='lat' dir='ltr'>inflata,</span> <span class='ocrx_word' id='word_1_112' title='bbox 1025 1596 1082 1627; x_wconf 89' lang='lat' dir='ltr'>ac</span> <span class='ocrx_word' id='word_1_113' title='bbox 1120 1577 1352 1627; x_wconf 90' lang='lat' dir='ltr'>dolorosa</span> <span class='ocrx_word' id='word_1_114' title='bbox 1387 1578 1685 1625; x_wconf 88' lang='lat' dir='ltr'>infirmitate</span> <span class='ocrx_word' id='word_1_115' title='bbox 1724 1593 1814 1624; x_wconf 78' lang='lat' dir='ltr'>vos</span> 
     </span>
     <span class='ocr_line' id='line_1_16' title="bbox 219 1644 1813 1712; baseline -0.002 -17"><span class='ocrx_word' id='word_1_116' title='bbox 219 1654 373 1695; x_wconf 72' lang='lat' dir='ltr'>vexat</span> <span class='ocrx_word' id='word_1_117' title='bbox 414 1654 468 1696; x_wconf 89' lang='lat' dir='ltr'>et</span> <span class='ocrx_word' id='word_1_118' title='bbox 504 1647 718 1712; x_wconf 89' lang='lat' dir='ltr'>impedit</span> <span class='ocrx_word' id='word_1_119' title='bbox 755 1665 784 1695; x_wconf 92' lang='lat' dir='ltr'>a</span> <span class='ocrx_word' id='word_1_120' title='bbox 825 1647 1009 1694; x_wconf 88' lang='lat' dir='ltr'>studio.</span> <span class='ocrx_word' id='word_1_121' title='bbox 1085 1645 1169 1694; x_wconf 91' lang='lat' dir='ltr'>Sic</span> <span class='ocrx_word' id='word_1_122' title='bbox 1209 1646 1318 1710; x_wconf 94' lang='lat' dir='ltr'>cepi</span> <span class='ocrx_word' id='word_1_123' title='bbox 1356 1644 1545 1693; x_wconf 89' lang='lat' dir='ltr'>iterum</span> <span class='ocrx_word' id='word_1_124' title='bbox 1584 1650 1813 1693; x_wconf 87' lang='lat' dir='ltr'>mentem</span> 
     </span>
     <span class='ocr_line' id='line_1_17' title="bbox 217 1712 1814 1778; baseline -0.001 -16"><span class='ocrx_word' id='word_1_125' title='bbox 217 1715 419 1764; x_wconf 88' lang='lat' dir='ltr'>dicens:</span> <span class='ocrx_word' id='word_1_126' title='bbox 458 1722 485 1741; x_wconf 78' lang='lat'>‘⁶</span> <span class='ocrx_word' id='word_1_127' title='bbox 505 1715 623 1762; x_wconf 85' lang='lat' dir='ltr'>Ha!</span> <span class='ocrx_word' id='word_1_128' title='bbox 661 1731 764 1762; x_wconf 93' lang='lat' dir='ltr'>non</span> <span class='ocrx_word' id='word_1_129' title='bbox 789 1720 867 1762; x_wconf 87' lang='lat' dir='ltr'>est</span> <span class='ocrx_word' id='word_1_130' title='bbox 896 1713 1062 1761; x_wconf 90' lang='lat' dir='ltr'>aliud:</span> <span class='ocrx_word' id='word_1_131' title='bbox 1101 1729 1196 1778; x_wconf 87' lang='lat' dir='ltr'>ego</span> <span class='ocrx_word' id='word_1_132' title='bbox 1229 1729 1439 1778; x_wconf 91' lang='lat' dir='ltr'>possum</span> <span class='ocrx_word' id='word_1_133' title='bbox 1472 1712 1602 1759; x_wconf 92' lang='lat' dir='ltr'>bene</span> <span class='ocrx_word' id='word_1_134' title='bbox 1640 1727 1814 1760; x_wconf 89' lang='lat' dir='ltr'>sanare</span> 
     </span>
     <span class='ocr_line' id='line_1_18' title="bbox 217 1778 1809 1844; baseline -0.003 -15"><span class='ocrx_word' id='word_1_135' title='bbox 217 1783 367 1830; x_wconf 90' lang='lat' dir='ltr'>istam</span> <span class='ocrx_word' id='word_1_136' title='bbox 415 1780 799 1830; x_wconf 84' lang='lat' dir='ltr'>infirmitatem:</span> <span class='ocrx_word' id='word_1_137' title='bbox 859 1780 1022 1830; x_wconf 92' lang='lat' dir='ltr'>habeo</span> <span class='ocrx_word' id='word_1_138' title='bbox 1077 1787 1241 1828; x_wconf 88' lang='lat' dir='ltr'>artem</span> <span class='ocrx_word' id='word_1_139' title='bbox 1292 1797 1381 1844; x_wconf 92' lang='lat' dir='ltr'>per</span> <span class='ocrx_word' id='word_1_140' title='bbox 1428 1778 1809 1844; x_wconf 83' lang='lat' dir='ltr'>experientiam.</span> 
     </span>
     <span class='ocr_line' id='line_1_19' title="bbox 219 1846 1813 1914; baseline -0.002 -18"><span class='ocrx_word' id='word_1_141' title='bbox 219 1849 430 1904; x_wconf 88' lang='lat' dir='ltr'>Verum,</span> <span class='ocrx_word' id='word_1_142' title='bbox 457 1849 664 1897; x_wconf 88' lang='lat' dir='ltr'>domine</span> <span class='ocrx_word' id='word_1_143' title='bbox 688 1848 947 1914; x_wconf 87' lang='lat' dir='ltr'>magister,</span> <span class='ocrx_word' id='word_1_144' title='bbox 984 1847 1174 1904; x_wconf 89' lang='lat' dir='ltr'>audite,</span> <span class='ocrx_word' id='word_1_145' title='bbox 1212 1847 1454 1912; x_wconf 89' lang='lat' dir='ltr'>primum,</span> <span class='ocrx_word' id='word_1_146' title='bbox 1494 1846 1630 1894; x_wconf 91' lang='lat' dir='ltr'>unde</span> <span class='ocrx_word' id='word_1_147' title='bbox 1672 1846 1813 1894; x_wconf 82' lang='lat' dir='ltr'>venit</span> 
     </span>
     <span class='ocr_line' id='line_1_20' title="bbox 216 1913 1814 1980; baseline -0.003 -16"><span class='ocrx_word' id='word_1_148' title='bbox 216 1915 314 1964; x_wconf 90' lang='lat' dir='ltr'>ista</span> <span class='ocrx_word' id='word_1_149' title='bbox 337 1916 606 1965; x_wconf 85' lang='lat' dir='ltr'>infirmitas</span> <span class='ocrx_word' id='word_1_150' title='bbox 624 1919 641 1965; x_wconf 66' lang='grc' dir='ltr'><em>ἓ</em></span> <span class='ocrx_word' id='word_1_151' title='bbox 659 1916 684 1933; x_wconf 89' lang='grc'>”</span> <span class='ocrx_word' id='word_1_152' title='bbox 743 1917 893 1964; x_wconf 84' lang='grc' dir='ltr'>Τηηο</span> <span class='ocrx_word' id='word_1_153' title='bbox 913 1915 1219 1980; x_wconf 80' lang='lat' dir='ltr'>subiungavi</span> <span class='ocrx_word' id='word_1_154' title='bbox 1238 1914 1553 1963; x_wconf 83' lang='lat' dir='ltr'>remedium:</span> <span class='ocrx_word' id='word_1_155' title='bbox 1588 1913 1814 1970; x_wconf 81' lang='lat' dir='ltr'>Quando</span> 
     </span>
     <span class='ocr_line' id='line_1_21' title="bbox 217 1980 1812 2048; baseline -0.002 -18"><span class='ocrx_word' id='word_1_156' title='bbox 217 1983 452 2032; x_wconf 88' lang='lat' dir='ltr'>mulieres</span> <span class='ocrx_word' id='word_1_157' title='bbox 477 1984 611 2033; x_wconf 88' lang='lat' dir='ltr'>male</span> <span class='ocrx_word' id='word_1_158' title='bbox 636 1983 920 2048; x_wconf 88' lang='lat' dir='ltr'>pudorosae</span> <span class='ocrx_word' id='word_1_159' title='bbox 947 1983 1124 2031; x_wconf 81' lang='lat' dir='ltr'>vident</span> <span class='ocrx_word' id='word_1_160' title='bbox 1150 1999 1311 2030; x_wconf 90' lang='lat' dir='ltr'>unum</span> <span class='ocrx_word' id='word_1_161' title='bbox 1345 1981 1619 2047; x_wconf 88' lang='lat' dir='ltr'>pulchrum</span> <span class='ocrx_word' id='word_1_162' title='bbox 1646 1980 1812 2028; x_wconf 89' lang='lat' dir='ltr'>virum</span> 
     </span>
     <span class='ocr_line' id='line_1_22' title="bbox 217 2047 1813 2114; baseline -0.003 -15"><span class='ocrx_word' id='word_1_163' title='bbox 217 2050 350 2099; x_wconf 89' lang='lat' dir='ltr'>sicut</span> <span class='ocrx_word' id='word_1_164' title='bbox 367 2068 456 2099; x_wconf 82' lang='lat' dir='ltr'>vos</span> <span class='ocrx_word' id='word_1_165' title='bbox 475 2052 610 2107; x_wconf 86' lang='lat' dir='ltr'>estiS‚</span> <span class='ocrx_word' id='word_1_166' title='bbox 629 2050 866 2100; x_wconf 85' lang='lat' dir='ltr'>videlicet</span> <span class='ocrx_word' id='word_1_167' title='bbox 890 2050 977 2114; x_wconf 90' lang='lat' dir='ltr'>qui</span> <span class='ocrx_word' id='word_1_168' title='bbox 1004 2050 1159 2098; x_wconf 88' lang='lat' dir='ltr'>habet</span> <span class='ocrx_word' id='word_1_169' title='bbox 1177 2049 1341 2114; x_wconf 84' lang='lat' dir='ltr'>gilvos</span> <span class='ocrx_word' id='word_1_170' title='bbox 1362 2048 1537 2104; x_wconf 88' lang='lat' dir='ltr'>crines,</span> <span class='ocrx_word' id='word_1_171' title='bbox 1555 2047 1813 2096; x_wconf 89' lang='lat' dir='ltr'>brunellos</span> 
     </span>
     <span class='ocr_line' id='line_1_23' title="bbox 217 2117 1813 2183; baseline -0.002 -17"><span class='ocrx_word' id='word_1_172' title='bbox 217 2117 392 2166; x_wconf 87' lang='lat' dir='ltr'>oculos</span> <span class='ocrx_word' id='word_1_173' title='bbox 432 2118 511 2166; x_wconf 84' lang='lat' dir='ltr'>vel</span> <span class='ocrx_word' id='word_1_174' title='bbox 548 2135 748 2183; x_wconf 87' lang='lat' dir='ltr'>grauos,</span> <span class='ocrx_word' id='word_1_175' title='bbox 775 2135 830 2167; x_wconf 92' lang='lat' dir='ltr'>os</span> <span class='ocrx_word' id='word_1_176' title='bbox 862 2119 1097 2174; x_wconf 90' lang='lat' dir='ltr'>rubeum,</span> <span class='ocrx_word' id='word_1_177' title='bbox 1123 2133 1371 2182; x_wconf 85' lang='lat' dir='ltr'>magnum</span> <span class='ocrx_word' id='word_1_178' title='bbox 1409 2132 1607 2172; x_wconf 87' lang='lat' dir='ltr'>nasum,</span> <span class='ocrx_word' id='word_1_179' title='bbox 1645 2121 1697 2163; x_wconf 89' lang='lat' dir='ltr'>et</span> <span class='ocrx_word' id='word_1_180' title='bbox 1736 2121 1813 2163; x_wconf 91' lang='lat' dir='ltr'>est</span> 
     </span>
     <span class='ocr_line' id='line_1_24' title="bbox 216 2182 1813 2250; baseline -0.003 -16"><span class='ocrx_word' id='word_1_181' title='bbox 216 2186 345 2234; x_wconf 90' lang='lat' dir='ltr'>bene</span> <span class='ocrx_word' id='word_1_182' title='bbox 370 2192 680 2250; x_wconf 84' lang='lat' dir='ltr'>corporatus,</span> <span class='ocrx_word' id='word_1_183' title='bbox 704 2192 832 2234; x_wconf 88' lang='lat' dir='ltr'>tunc</span> <span class='ocrx_word' id='word_1_184' title='bbox 856 2185 1040 2233; x_wconf 88' lang='lat' dir='ltr'>volunt</span> <span class='ocrx_word' id='word_1_185' title='bbox 1064 2200 1184 2232; x_wconf 91' lang='lat' dir='ltr'>eum</span> <span class='ocrx_word' id='word_1_186' title='bbox 1207 2184 1407 2232; x_wconf 91' lang='lat' dir='ltr'>habere.</span> <span class='ocrx_word' id='word_1_187' title='bbox 1481 2183 1582 2231; x_wconf 92' lang='lat' dir='ltr'>Sed</span> <span class='ocrx_word' id='word_1_188' title='bbox 1606 2182 1813 2246; x_wconf 89' lang='lat' dir='ltr'>quando</span> 
     </span>
     <span class='ocr_line' id='line_1_25' title="bbox 217 2249 1814 2316; baseline -0.003 -16"><span class='ocrx_word' id='word_1_189' title='bbox 217 2252 301 2301; x_wconf 93' lang='lat' dir='ltr'>ille</span> <span class='ocrx_word' id='word_1_190' title='bbox 348 2260 424 2301; x_wconf 89' lang='lat' dir='ltr'>est</span> <span class='ocrx_word' id='word_1_191' title='bbox 463 2254 591 2302; x_wconf 89' lang='lat' dir='ltr'>bene</span> <span class='ocrx_word' id='word_1_192' title='bbox 628 2260 872 2309; x_wconf 91' lang='lat' dir='ltr'>moratus,</span> <span class='ocrx_word' id='word_1_193' title='bbox 912 2252 1338 2316; x_wconf 87' lang='lat' dir='ltr'>qualificatusque</span> <span class='ocrx_word' id='word_1_194' title='bbox 1379 2251 1431 2298; x_wconf 94' lang='lat' dir='ltr'>in</span> <span class='ocrx_word' id='word_1_195' title='bbox 1470 2257 1644 2299; x_wconf 88' lang='lat' dir='ltr'>mente</span> <span class='ocrx_word' id='word_1_196' title='bbox 1682 2249 1814 2298; x_wconf 89' lang='lat' dir='ltr'>sicut</span> 
     </span>
     <span class='ocr_line' id='line_1_26' title="bbox 219 2318 1813 2385; baseline -0.002 -19"><span class='ocrx_word' id='word_1_197' title='bbox 219 2337 322 2376; x_wconf 82' lang='lat' dir='ltr'>vos,</span> <span class='ocrx_word' id='word_1_198' title='bbox 365 2326 418 2368; x_wconf 89' lang='lat' dir='ltr'>et</span> <span class='ocrx_word' id='word_1_199' title='bbox 456 2336 558 2368; x_wconf 92' lang='lat' dir='ltr'>non</span> <span class='ocrx_word' id='word_1_200' title='bbox 598 2326 742 2368; x_wconf 88' lang='lat' dir='ltr'>curat</span> <span class='ocrx_word' id='word_1_201' title='bbox 781 2321 1004 2385; x_wconf 87' lang='lat' dir='ltr'>ipsarum</span> <span class='ocrx_word' id='word_1_202' title='bbox 1042 2319 1278 2368; x_wconf 88' lang='lat' dir='ltr'>levitates</span> <span class='ocrx_word' id='word_1_203' title='bbox 1317 2325 1370 2367; x_wconf 90' lang='lat' dir='ltr'>et</span> <span class='ocrx_word' id='word_1_204' title='bbox 1410 2318 1648 2373; x_wconf 82' lang='lat' dir='ltr'>fallacias,</span> <span class='ocrx_word' id='word_1_205' title='bbox 1686 2323 1813 2364; x_wconf 91' lang='grc' dir='ltr'>ωηο</span> 
     </span>
     <span class='ocr_line' id='line_1_27' title="bbox 217 2386 1811 2452; baseline -0.003 -17"><span class='ocrx_word' id='word_1_206' title='bbox 217 2387 428 2452; x_wconf 84' lang='lat' dir='ltr'>fugiunt</span> <span class='ocrx_word' id='word_1_207' title='bbox 451 2387 514 2435; x_wconf 88' lang='lat' dir='ltr'>ad</span> <span class='ocrx_word' id='word_1_208' title='bbox 540 2394 672 2436; x_wconf 87' lang='lat' dir='ltr'>artes</span> <span class='ocrx_word' id='word_1_209' title='bbox 696 2387 935 2452; x_wconf 83' lang='lat' dir='ltr'>magicas,</span> <span class='ocrx_word' id='word_1_210' title='bbox 953 2393 1006 2435; x_wconf 92' lang='lat' dir='ltr'>et</span> <span class='ocrx_word' id='word_1_211' title='bbox 1025 2387 1078 2434; x_wconf 90' lang='lat' dir='ltr'>in</span> <span class='ocrx_word' id='word_1_212' title='bbox 1100 2392 1254 2434; x_wconf 89' lang='lat' dir='ltr'>nocte</span> <span class='ocrx_word' id='word_1_213' title='bbox 1279 2386 1458 2434; x_wconf 89' lang='lat' dir='ltr'>sedent</span> <span class='ocrx_word' id='word_1_214' title='bbox 1483 2401 1632 2450; x_wconf 87' lang='lat' dir='ltr'>super</span> <span class='ocrx_word' id='word_1_215' title='bbox 1656 2399 1811 2431; x_wconf 92' lang='lat' dir='ltr'>unam</span> 
     </span>
     <span class='ocr_line' id='line_1_28' title="bbox 217 2450 1811 2519; baseline -0.004 -16"><span class='ocrx_word' id='word_1_216' title='bbox 217 2455 440 2512; x_wconf 90' lang='lat' dir='ltr'>scobem,</span> <span class='ocrx_word' id='word_1_217' title='bbox 480 2454 768 2519; x_wconf 87' lang='lat' dir='ltr'>equitantes</span> <span class='ocrx_word' id='word_1_218' title='bbox 811 2471 962 2519; x_wconf 88' lang='lat' dir='ltr'>super</span> <span class='ocrx_word' id='word_1_219' title='bbox 998 2453 1150 2502; x_wconf 88' lang='lat' dir='ltr'>istam</span> <span class='ocrx_word' id='word_1_220' title='bbox 1189 2453 1394 2502; x_wconf 89' lang='lat' dir='ltr'>scobem</span> <span class='ocrx_word' id='word_1_221' title='bbox 1433 2453 1497 2499; x_wconf 90' lang='lat' dir='ltr'>ad</span> <span class='ocrx_word' id='word_1_222' title='bbox 1538 2450 1811 2516; x_wconf 88' lang='lat' dir='ltr'>pulchrum</span> 
     </span>
     <span class='ocr_line' id='line_1_29' title="bbox 215 2520 1813 2586; baseline -0.004 -16"><span class='ocrx_word' id='word_1_223' title='bbox 215 2521 362 2570; x_wconf 92' lang='lat' dir='ltr'>illum</span> <span class='ocrx_word' id='word_1_224' title='bbox 383 2523 551 2570; x_wconf 90' lang='lat' dir='ltr'>virum</span> <span class='ocrx_word' id='word_1_225' title='bbox 570 2539 725 2586; x_wconf 90' lang='lat' dir='ltr'>quem</span> <span class='ocrx_word' id='word_1_226' title='bbox 747 2528 939 2577; x_wconf 89' lang='lat' dir='ltr'>amant,</span> <span class='ocrx_word' id='word_1_227' title='bbox 954 2521 1200 2570; x_wconf 89' lang='lat' dir='ltr'>facientes</span> <span class='ocrx_word' id='word_1_228' title='bbox 1224 2520 1492 2585; x_wconf 85' lang='lat' dir='ltr'>negotium</span> <span class='ocrx_word' id='word_1_229' title='bbox 1517 2535 1668 2567; x_wconf 92' lang='lat' dir='ltr'>suum</span> <span class='ocrx_word' id='word_1_230' title='bbox 1694 2532 1813 2564; x_wconf 90' lang='lat' dir='ltr'>cum</span> 
     </span>
     <span class='ocr_line' id='line_1_30' title="bbox 218 2584 1814 2653; baseline -0.004 -15"><span class='ocrx_word' id='word_1_231' title='bbox 218 2606 279 2638; x_wconf 91' lang='lat' dir='ltr'>eo</span> <span class='ocrx_word' id='word_1_232' title='bbox 298 2590 504 2653; x_wconf 89' lang='lat' dir='ltr'>quando</span> <span class='ocrx_word' id='word_1_233' title='bbox 524 2589 727 2646; x_wconf 89' lang='lat' dir='ltr'>dormit,</span> <span class='ocrx_word' id='word_1_234' title='bbox 745 2596 796 2638; x_wconf 89' lang='lat' dir='ltr'>et</span> <span class='ocrx_word' id='word_1_235' title='bbox 821 2588 947 2638; x_wconf 88' lang='lat' dir='ltr'>nihil</span> <span class='ocrx_word' id='word_1_236' title='bbox 965 2589 1123 2638; x_wconf 89' lang='lat' dir='ltr'>sentit</span> <span class='ocrx_word' id='word_1_237' title='bbox 1142 2587 1237 2637; x_wconf 89' lang='lat' dir='ltr'>nisi</span> <span class='ocrx_word' id='word_1_238' title='bbox 1257 2585 1527 2636; x_wconf 89' lang='lat' dir='ltr'>somnium.</span> <span class='ocrx_word' id='word_1_239' title='bbox 1589 2584 1814 2648; x_wconf 84' lang='lat' dir='ltr'>Aliquae</span> 
     </span>
     <span class='ocr_line' id='line_1_31' title="bbox 219 2651 1816 2721; baseline -0.003 -18"><span class='ocrx_word' id='word_1_240' title='bbox 219 2656 353 2704; x_wconf 89' lang='lat' dir='ltr'>fiunt</span> <span class='ocrx_word' id='word_1_241' title='bbox 400 2663 567 2705; x_wconf 84' lang='lat' dir='ltr'>eattae</span> <span class='ocrx_word' id='word_1_242' title='bbox 615 2656 695 2706; x_wconf 83' lang='lat' dir='ltr'>vel</span> <span class='ocrx_word' id='word_1_243' title='bbox 737 2674 871 2713; x_wconf 87' lang='lat' dir='ltr'>aves,</span> <span class='ocrx_word' id='word_1_244' title='bbox 915 2663 966 2705; x_wconf 92' lang='lat' dir='ltr'>et</span> <span class='ocrx_word' id='word_1_245' title='bbox 1004 2662 1200 2721; x_wconf 86' lang='lat' dir='ltr'>sugunt</span> <span class='ocrx_word' id='word_1_246' title='bbox 1237 2654 1540 2719; x_wconf 85' lang='lat' dir='ltr'>sanguinem</span> <span class='ocrx_word' id='word_1_247' title='bbox 1583 2651 1689 2700; x_wconf 90' lang='lat' dir='ltr'>eius</span> <span class='ocrx_word' id='word_1_248' title='bbox 1726 2667 1816 2715; x_wconf 90' lang='lat' dir='ltr'>per</span> 
     </span>
     <span class='ocr_line' id='line_1_32' title="bbox 221 2718 1814 2784; baseline -0.002 -16"><span class='ocrx_word' id='word_1_249' title='bbox 221 2722 488 2779; x_wconf 88' lang='lat' dir='ltr'>mamillas,</span> <span class='ocrx_word' id='word_1_250' title='bbox 532 2730 585 2772; x_wconf 91' lang='lat' dir='ltr'>et</span> <span class='ocrx_word' id='word_1_251' title='bbox 625 2723 822 2772; x_wconf 86' lang='lat' dir='ltr'>faciunt</span> <span class='ocrx_word' id='word_1_252' title='bbox 865 2740 1016 2772; x_wconf 92' lang='lat' dir='ltr'>suum</span> <span class='ocrx_word' id='word_1_253' title='bbox 1055 2724 1280 2771; x_wconf 90' lang='lat' dir='ltr'>amicum</span> <span class='ocrx_word' id='word_1_254' title='bbox 1318 2719 1592 2784; x_wconf 86' lang='lat' dir='ltr'>aliquando</span> <span class='ocrx_word' id='word_1_255' title='bbox 1631 2718 1700 2766; x_wconf 90' lang='lat' dir='ltr'>sic</span> <span class='ocrx_word' id='word_1_256' title='bbox 1739 2718 1814 2765; x_wconf 92' lang='lat' dir='ltr'>in-</span> 
     </span>
     <span class='ocr_line' id='line_1_33' title="bbox 221 2785 1816 2854; baseline -0.002 -19"><span class='ocrx_word' id='word_1_257' title='bbox 221 2788 428 2838; x_wconf 90' lang='lat' dir='ltr'>firmum</span> <span class='ocrx_word' id='word_1_258' title='bbox 470 2791 608 2854; x_wconf 91' lang='lat' dir='ltr'>quod</span> <span class='ocrx_word' id='word_1_259' title='bbox 648 2790 734 2839; x_wconf 82' lang='lat' dir='ltr'>vix</span> <span class='ocrx_word' id='word_1_260' title='bbox 776 2791 914 2839; x_wconf 78' lang='lat' dir='ltr'>valet</span> <span class='ocrx_word' id='word_1_261' title='bbox 957 2807 1076 2838; x_wconf 89' lang='lat' dir='ltr'>cum</span> <span class='ocrx_word' id='word_1_262' title='bbox 1118 2789 1301 2838; x_wconf 90' lang='lat' dir='ltr'>baculo</span> <span class='ocrx_word' id='word_1_263' title='bbox 1343 2786 1617 2835; x_wconf 86' lang='lat' dir='ltr'>ambulare.</span> <span class='ocrx_word' id='word_1_264' title='bbox 1697 2785 1816 2850; x_wconf 87' lang='lat' dir='ltr'>Ego</span> 
     </span>
    </p>
   </div>
   <div class='ocr_carea' id='block_1_4' title="bbox 271 2901 1817 2951">
    <p class='ocr_par' dir='ltr' id='par_1_5' title="bbox 271 2901 1817 2951">
     <span class='ocr_line' id='line_1_34' title="bbox 271 2901 1817 2951; baseline -0.002 -11"><span class='ocrx_word' id='word_1_265' title='bbox 271 2905 298 2924; x_wconf 73' lang='lat'>‘⁶²²</span> <span class='ocrx_word' id='word_1_266' title='bbox 318 2907 776 2951; x_wconf 78' lang='lat' dir='ltr'>yra110.5·.·Ger.9rau,-not</span> <span class='ocrx_word' id='word_1_267' title='bbox 789 2906 987 2942; x_wconf 81' lang='lat' dir='ltr'>elsewhere</span> <span class='ocrx_word' id='word_1_268' title='bbox 1052 2905 1194 2941; x_wconf 86' lang='lat' dir='ltr'>solemn</span> <span class='ocrx_word' id='word_1_269' title='bbox 1230 2903 1561 2949; x_wconf 79' lang='lat' dir='ltr'>“cat-whipping&#39;’</span> <span class='ocrx_word' id='word_1_270' title='bbox 1606 2902 1653 2948; x_wconf 84' lang='lat' dir='ltr'>by</span> <span class='ocrx_word' id='word_1_271' title='bbox 1686 2901 1817 2937; x_wconf 78' lang='lat' dir='ltr'>twelve</span> 
     </span>
    </p>
   </div>
   <div class='ocr_carea' id='block_1_5' title="bbox 222 2949 1823 3093">
    <p class='ocr_par' dir='ltr' id='par_1_6' title="bbox 222 2949 1823 3093">
     <span class='ocr_line' id='line_1_35' title="bbox 225 2949 1818 2999; baseline -0.002 -13"><span class='ocrx_word' id='word_1_272' title='bbox 225 2954 352 2987; x_wconf 89' lang='lat' dir='ltr'>found.</span> <span class='ocrx_word' id='word_1_273' title='bbox 1052 2953 1195 2999; x_wconf 83' lang='lat' dir='ltr'>priests,</span> <span class='ocrx_word' id='word_1_274' title='bbox 1241 2957 1279 2986; x_wconf 87' lang='lat' dir='ltr'>to</span> <span class='ocrx_word' id='word_1_275' title='bbox 1321 2951 1427 2996; x_wconf 86' lang='lat' dir='ltr'>expel</span> <span class='ocrx_word' id='word_1_276' title='bbox 1476 2950 1540 2984; x_wconf 87' lang='lat' dir='ltr'>the</span> <span class='ocrx_word' id='word_1_277' title='bbox 1591 2949 1713 2992; x_wconf 87' lang='lat' dir='ltr'>witch,</span> <span class='ocrx_word' id='word_1_278' title='bbox 1757 2961 1818 2984; x_wconf 83' lang='lat' dir='ltr'>see</span> 
     </span>
     <span class='ocr_line' id='line_1_36' title="bbox 272 2997 1823 3043; baseline -0.003 -9"><span class='ocrx_word' id='word_1_279' title='bbox 272 2998 297 3017; x_wconf 72' lang='lat'>²⁷</span> <span class='ocrx_word' id='word_1_280' title='bbox 323 3001 475 3034; x_wconf 63' lang='lat' dir='ltr'>scobem:</span> <span class='ocrx_word' id='word_1_281' title='bbox 499 3011 520 3032; x_wconf 88' lang='lat' dir='ltr'>a</span> <span class='ocrx_word' id='word_1_282' title='bbox 545 2999 684 3035; x_wconf 85' lang='lat' dir='ltr'>broom.</span> <span class='ocrx_word' id='word_1_283' title='bbox 735 3001 802 3035; x_wconf 82' lang='lat' dir='ltr'>Sec</span> <span class='ocrx_word' id='word_1_284' title='bbox 827 3001 983 3040; x_wconf 82' lang='lat' dir='ltr'>Grimm,</span> <span class='ocrx_word' id='word_1_285' title='bbox 1052 3001 1085 3034; x_wconf 88' lang='lat' dir='ltr'>S.</span> <span class='ocrx_word' id='word_1_286' title='bbox 1107 3000 1154 3033; x_wconf 93' lang='lat' dir='ltr'>H.</span> <span class='ocrx_word' id='word_1_287' title='bbox 1175 3000 1244 3043; x_wconf 59' lang='lat' dir='ltr'>(tle.</span> <span class='ocrx_word' id='word_1_288' title='bbox 1271 2997 1419 3032; x_wconf 84' lang='lat' dir='ltr'>Samuel</span> <span class='ocrx_word' id='word_1_289' title='bbox 1445 2997 1621 3040; x_wconf 85' lang='lat' dir='ltr'>Harsuet,</span> <span class='ocrx_word' id='word_1_290' title='bbox 1641 2997 1760 3042; x_wconf 88' lang='lat' dir='ltr'>Ahbp.</span> <span class='ocrx_word' id='word_1_291' title='bbox 1781 2997 1823 3031; x_wconf 85' lang='lat' dir='ltr'>of</span> 
     </span>
     <span class='ocr_line' id='line_1_37' title="bbox 222 3045 1819 3093; baseline -0.002 -13"><span class='ocrx_word' id='word_1_292' title='bbox 222 3048 394 3081; x_wconf 68' lang='lat' dir='ltr'>Dentsehe</span> <span class='ocrx_word' id='word_1_293' title='bbox 410 3048 564 3090; x_wconf 64' lang='lat' dir='ltr'>Mythol„</span> <span class='ocrx_word' id='word_1_294' title='bbox 585 3048 688 3090; x_wconf 85' lang='lat'>1835,</span> <span class='ocrx_word' id='word_1_295' title='bbox 708 3059 740 3093; x_wconf 89' lang='lat' dir='ltr'>p.</span> <span class='ocrx_word' id='word_1_296' title='bbox 760 3048 839 3081; x_wconf 87' lang='grc'><strong>589.</strong></span> <span class='ocrx_word' id='word_1_297' title='bbox 1054 3047 1187 3089; x_wconf 87' lang='lat' dir='ltr'>York),</span> <span class='ocrx_word' id='word_1_298' title='bbox 1222 3048 1253 3079; x_wconf 74' lang='lat' dir='ltr'><em>A</em></span> <span class='ocrx_word' id='word_1_299' title='bbox 1281 3046 1504 3079; x_wconf 77' lang='lat' dir='ltr'>Declaration</span> <span class='ocrx_word' id='word_1_300' title='bbox 1531 3045 1576 3086; x_wconf 74' lang='lat' dir='ltr'>qs&#39;</span> <span class='ocrx_word' id='word_1_301' title='bbox 1594 3045 1718 3088; x_wconf 67' lang='lat' dir='ltr'>Popish</span> <span class='ocrx_word' id='word_1_302' title='bbox 1748 3046 1819 3077; x_wconf 83' lang='lat' dir='ltr'>Im-</span> 
     </span>
    </p>
   </div>
   <div class='ocr_carea' id='block_1_6' title="bbox 270 3093 1346 3137">
    <p class='ocr_par' dir='ltr' id='par_1_7' title="bbox 270 3093 1346 3137">
     <span class='ocr_line' id='line_1_38' title="bbox 270 3093 1346 3137; baseline -0.002 -9"><span class='ocrx_word' id='word_1_303' title='bbox 270 3093 298 3112; x_wconf 80' lang='lat'>³⁰</span> <span class='ocrx_word' id='word_1_304' title='bbox 323 3098 446 3128; x_wconf 70' lang='lat' dir='ltr'>eattae.</span> <span class='ocrx_word' id='word_1_305' title='bbox 498 3093 568 3127; x_wconf 86' lang='lat' dir='ltr'>For</span> <span class='ocrx_word' id='word_1_306' title='bbox 609 3106 655 3128; x_wconf 78' lang='lat' dir='ltr'>an</span> <span class='ocrx_word' id='word_1_307' title='bbox 697 3099 855 3128; x_wconf 85' lang='lat' dir='ltr'>account</span> <span class='ocrx_word' id='word_1_308' title='bbox 888 3094 930 3128; x_wconf 91' lang='lat' dir='ltr'>of</span> <span class='ocrx_word' id='word_1_309' title='bbox 966 3106 986 3127; x_wconf 89' lang='lat' dir='ltr'>a</span> <span class='ocrx_word' id='word_1_310' title='bbox 1049 3098 1223 3137; x_wconf 77' lang='lat' dir='ltr'>postures,</span> <span class='ocrx_word' id='word_1_311' title='bbox 1245 3093 1346 3126; x_wconf 88' lang='lat'>1603.</span> 
     </span>
    </p>
   </div>
   <div class='ocr_carea' id='block_1_7' title="bbox 974 3154 1068 3196">
    <p class='ocr_par' dir='ltr' id='par_1_8' title="bbox 974 3154 1068 3196">
     <span class='ocr_line' id='line_1_39' title="bbox 974 3154 1068 3196; baseline -0.011 0"><span class='ocrx_word' id='word_1_312' title='bbox 974 3154 1068 3196; x_wconf 89' lang='grc'>103</span> 
     </span>
    </p>
   </div>
   <div class='ocr_carea' id='block_1_8' title="bbox 1846 993 1865 1022">
    <p class='ocr_par' dir='ltr' id='par_1_9' title="bbox 1846 993 1865 1022">
     <span class='ocr_line' id='line_1_40' title="bbox 1846 993 1865 1022; baseline 0 0"><span class='ocrx_word' id='word_1_313' title='bbox 1846 993 1865 1022; x_wconf 83' lang='grc'>5</span> 
     </span>
    </p>
   </div>
   <div class='ocr_carea' id='block_1_9' title="bbox 1847 1328 1884 1358">
    <p class='ocr_par' dir='ltr' id='par_1_10' title="bbox 1847 1328 1884 1358">
     <span class='ocr_line' id='line_1_41' title="bbox 1847 1328 1884 1358; baseline -0.027 0"><span class='ocrx_word' id='word_1_314' title='bbox 1847 1328 1884 1358; x_wconf 83' lang='grc'>10</span> 
     </span>
    </p>
   </div>
   <div class='ocr_carea' id='block_1_10' title="bbox 1847 1662 1886 1692">
    <p class='ocr_par' dir='ltr' id='par_1_11' title="bbox 1847 1662 1886 1692">
     <span class='ocr_line' id='line_1_42' title="bbox 1847 1662 1886 1692; baseline 0 0"><span class='ocrx_word' id='word_1_315' title='bbox 1847 1662 1886 1692; x_wconf 82' lang='grc'>15</span> 
     </span>
    </p>
   </div>
   <div class='ocr_carea' id='block_1_11' title="bbox 1848 2335 1887 2365">
    <p class='ocr_par' dir='ltr' id='par_1_12' title="bbox 1848 2335 1887 2365">
     <span class='ocr_line' id='line_1_43' title="bbox 1848 2335 1887 2365; baseline 0 0"><span class='ocrx_word' id='word_1_316' title='bbox 1848 2335 1887 2365; x_wconf 82' lang='lat'>25</span> 
     </span>
    </p>
   </div>
   <div class='ocr_carea' id='block_1_12' title="bbox 1849 2668 1888 2699">
    <p class='ocr_par' dir='ltr' id='par_1_13' title="bbox 1849 2668 1888 2699">
     <span class='ocr_line' id='line_1_44' title="bbox 1849 2668 1888 2699; baseline -0.026 0"><span class='ocrx_word' id='word_1_317' title='bbox 1849 2668 1888 2699; x_wconf 86' lang='lat'>30</span> 
     </span>
    </p>
   </div>
  </div>
 </body>
</html>
