2247 3637
590 245 1132 302 WILHELMUS
1188 246 1430 301 LAMP

207 353 456 403 mirabilia
480 360 657 401 contra
681 353 987 418 Theologos
1058 354 1133 403 Et
1156 354 1328 402 audivi
1353 355 1491 417 quod
1517 354 1805 402 citaverunt

212 422 494 469 Iohannem
532 420 854 468 Pfefferkorn
901 428 1108 486 propter
1144 421 1486 484 Stormglock.
1560 422 1634 469 Et
1674 421 1805 469 dixit

208 505 369 536 unus:
408 496 543 535 “vos
580 487 816 535 videbitis
849 489 988 552 quod
1021 489 1185 536 adhuc
1219 488 1270 535 in
1295 488 1468 552 paucis
1494 489 1638 536 annis
1664 488 1803 537 aufe-

208 562 392 604 runtur
449 554 531 602 isti
580 554 816 618 Magistri
865 556 1024 604 nostri
1083 562 1136 604 et
1192 571 1296 603 non
1344 561 1494 603 erunt
1542 555 1805 619 amplius.'’

209 623 356 670 Tunc
381 622 516 669 dixi:
556 622 734 678 “Quis
758 627 884 669 tunc
917 622 1228 687 praedicabit
1262 622 1404 670 vobis
1438 628 1489 670 et
1519 622 1724 670 docebit
1754 623 1805 669 in

208 690 307 737 fide
344 688 688 737 Catl1olica?”
762 689 1051 753 Respondit
1088 689 1200 738 ille:
1239 689 1410 737 “Hoc
1447 688 1642 737 faciunt
1667 690 1805 737 docti

209 755 476 819 Theologi,
524 754 613 819 qui
672 755 969 821 intelligunt
1028 758 1317 820 scripturaS‚
1367 757 1500 804 sicut
1558 757 1805 804 Erasmus

209 823 605 878 Roterodamus‚
654 822 846 871 Paulus
894 823 1086 879 Ricius‚
1137 824 1391 871 Iohannes
1440 823 1695 872 Reuchlin
1754 830 1807 871 et

207 889 335 938 alii.”
405 890 553 937 Tunc
596 889 724 937 tacit
766 896 817 938 et
860 890 1080 954 cogitavi
1118 907 1321 939 mecum
1361 890 1610 938 “Stultus
1647 890 1806 938 stulta

206 956 483 1021 loquitur.”
554 956 628 1004 Et
652 957 783 1005 sedit
808 973 940 1005 unus
964 958 1016 1004 in
1042 974 1219 1006 mensa
1243 958 1451 1005 nomine
1477 957 1805 1006 Theobaldus

208 1024 432 1080 Fettich‚
458 1023 546 1088 qui
571 1041 803 1089 pronunc
839 1031 916 1072 est
952 1024 1155 1073 Doctor
1180 1024 1483 1080 Medicinae,
1510 1031 1563 1072 et
1589 1025 1806 1089 cognovi

207 1108 343 1147 eum,
369 1091 488 1154 quia
524 1091 647 1139 olim
684 1091 828 1140 stetit
865 1091 1109 1139 Coloniae
1145 1092 1197 1139 in
1235 1091 1385 1140 bursa
1432 1092 1651 1140 montis:
1699 1092 1806 1157 ipse

208 1158 375 1206 multo
407 1158 554 1223 plura
577 1158 709 1206 dixit
733 1175 889 1222 quam
914 1158 1010 1207 alii.
1084 1158 1157 1207 Et
1182 1159 1288 1207 dixi
1314 1160 1387 1208 ei:
1427 1167 1455 1185 “
1479 1161 1584 1208 Vos
1609 1158 1806 1208 debetis

207 1225 469 1274 recordare
511 1226 651 1289 quod
692 1225 882 1274 fecistis
925 1227 1285 1274 Iuramentum
1327 1227 1539 1274 Rectoli
1586 1233 1638 1274 et
1679 1226 1806 1275 Uni-

209 1293 436 1341 versitati
464 1292 770 1341 Coloniensi.
779 1294 802 1309 ”
875 1293 1165 1357 Respondit
1193 1294 1332 1356 quod
1366 1294 1621 1341 merdaret
1658 1310 1808 1358 super

208 1376 300 1407 nos
342 1377 532 1409 omnes.
608 1360 709 1409 Sed
750 1366 1013 1408 transeant
1054 1360 1153 1408 illa
1227 1361 1416 1409 Postea
1455 1361 1662 1424 quando
1704 1361 1806 1409 exi-

209 1427 375 1475 vimus
423 1427 794 1482 VVormaciam‚
843 1433 1096 1475 venerunt
1141 1427 1351 1491 quidam
1410 1427 1503 1475 viri
1560 1427 1807 1477 terribiles

208 1494 259 1541 in
308 1493 465 1557 equis,
506 1494 752 1542 habentes
802 1493 983 1542 balista
1030 1511 1148 1541 cum
1189 1494 1305 1542 telis
1348 1501 1401 1543 et
1444 1495 1673 1543 volentes
1715 1511 1807 1543 nos

209 1560 466 1626 sagittare.
540 1561 652 1609 Tsic
694 1560 860 1609 socius
902 1577 1046 1608 meus
1084 1560 1325 1609 clamavit
1368 1562 1574 1618 “IesuS,
1614 1562 1805 1611 Iesus.”

209 1628 283 1676 Et
331 1645 427 1693 ego
474 1628 663 1676 habens
710 1628 907 1676 bonum
955 1644 1041 1675 cor
1081 1628 1187 1675 dixi
1229 1629 1368 1692 quod
1410 1645 1514 1676 non
1549 1629 1701 1677 debet
1737 1629 1808 1677 ita

210 1695 442 1752 clamare,
469 1701 521 1745 et
557 1694 663 1743 dixi
700 1696 763 1743 ad
799 1695 911 1743 illos
941 1695 1074 1743 viros
1104 1695 1367 1743 “Domini
1401 1695 1624 1760 gratiosi,
1649 1697 1809 1745 nolite

209 1762 452 1827 sagittare
498 1778 605 1818 nos,
648 1763 768 1827 quia
809 1779 913 1810 non
956 1779 1132 1810 sumus
1175 1763 1343 1810 induti
1386 1780 1504 1811 cum
1546 1763 1712 1819 armis‚
1755 1770 1807 1811 et

209 1846 312 1878 non
338 1846 514 1878 sumus
540 1830 731 1877 inimici
757 1830 927 1886 vestri,
952 1830 1040 1878 sed
1065 1846 1241 1878 sumus
1266 1830 1447 1887 clerici,
1473 1837 1525 1878 et
1549 1830 1809 1878 tendimus

210 1897 438 1945 Romam
467 1913 559 1961 pro
589 1896 889 1946 beneficiis.”
960 1897 1109 1945 Tunc
1139 1913 1271 1945 unus
1296 1898 1455 1946 dixit:
1495 1906 1522 1924 “
1544 1897 1688 1953 Quid
1713 1915 1808 1963 ego

210 1980 331 2012 curo
373 1964 654 2013 beneficia?
722 1964 877 2013 Detis
918 1964 1044 2012 mihi
1085 1964 1355 2028 pecuniam
1398 1971 1451 2012 et
1498 1964 1643 2013 sociis
1684 1965 1810 2014 meis

209 2031 349 2095 quod
407 2032 654 2080 habemus
703 2031 900 2088 bibalia‚
950 2031 1030 2080 vel
1076 2031 1308 2080 diabolus
1355 2032 1510 2080 debet
1556 2049 1645 2080 vos
1692 2050 1809 2081 con-

208 2099 469 2147 fundere.'’
541 2098 691 2146 Tunc
733 2099 773 2147 si
821 2098 1078 2147 voluimus
1118 2099 1289 2147 venire
1330 2099 1392 2147 de
1433 2099 1569 2164 ipsis,
1606 2106 1811 2165 oportet

209 2166 350 2229 quod
385 2166 621 2214 dedimus
658 2165 777 2230 ipsis
814 2167 906 2215 .ΙΙ.
935 2166 1166 2214 florenos.
1229 2167 1303 2215 Et
1328 2183 1423 2231 ego
1448 2167 1555 2215 dixi
1579 2167 1809 2216 occulte:

212 2232 431 2281 “Bibite
477 2234 617 2296 quod
665 2233 897 2282 diabolus
946 2234 1214 2282 benedicat
1262 2234 1452 2283 vobis.''
1523 2234 1597 2282 Et
1633 2241 1810 2298 postea

212 2300 376 2348 socius
410 2317 555 2348 meus
588 2300 746 2348 dixit:
786 2309 813 2327 ‘⁶
833 2301 965 2357 Quis
998 2301 1142 2349 vobis
1175 2300 1395 2358 videtur,
1426 2301 1666 2349 volumus
1698 2301 1809 2349 illos

213 2367 367 2415 citare
401 2367 465 2415 ad
496 2367 705 2415 Curiam
732 2368 1055 2416 Romanam.
1044 2369 1100 2403 2”

210 258 354 308 11.12]

1137 2375 1263 2416 tunc
1295 2368 1401 2416 dixi
1431 2369 1570 2433 quod
1599 2384 1701 2417 non
1732 2375 1808 2417 est

211 2434 461 2499 possibile,
498 2434 617 2498 quia
657 2451 762 2482 non
802 2436 989 2483 scimus
1036 2436 1246 2483 nomina
1290 2435 1530 2501 ipsorum.
1604 2435 1810 2483 Deinde
1846 2452 1863 2483 τ

210 2518 300 2567 per
346 2502 568 2550 multam
616 2501 847 2550 merdam
897 2493 1065 2550 IuimO
1112 2503 1176 2550 ad
1219 2504 1535 2568 Augustam,
1573 2509 1626 2551 et
1661 2502 1809 2550 valde

1046 2613 1130 2648 Pico
1158 2613 1255 2648 della
1285 2613 1494 2647 Mirandola
1523 2612 1594 2646 and
1626 2611 1809 2646 Reuchlin

1045 2672 1139 2695 were
1156 2660 1342 2695 indebted.
1393 2661 1460 2694 See
1477 2661 1632 2702 Gesner,
1648 2660 1807 2692 Biblioth.

257 2611 523 2657 ⁴⁰St0rmqloelc
574 2613 642 2648 See
662 2613 801 2647 Introd-

258 2659 285 2680 *ὅ
303 2662 449 2695 Ricina:
491 2659 626 2694 Paulus
664 2660 804 2704 Rieius,
838 2672 859 2694 a
891 2672 978 2695 con-

211 2707 337 2742 verted
355 2707 379 2740 J
382 2719 446 2742 eW.
490 2707 548 2742 He
565 2719 636 2740 was
652 2708 873 2752 acquainted
889 2707 977 2741 with

211 2755 333 2797 Latin,
379 2754 520 2797 Greek,
563 2754 635 2788 and
688 2754 859 2798 HebreW,
904 2755 977 2789 and

213 2801 386 2835 Erasmus
403 2801 586 2847 eulogises
604 2801 661 2835 his
680 2801 865 2847 learning,
884 2801 975 2845 zeal,

210 2848 282 2883 and
315 2848 460 2883 modest
496 2849 649 2893 bearing
681 2849 854 2892 OErasm„
888 2851 975 2892 Epp.

211 2897 248 2931 L.
278 2898 334 2939 B„
364 2896 467 2938 1706,
494 2894 563 2929 col.
600 2896 693 2941 191).
746 2896 789 2930 R.
816 2908 887 2930 was
915 2908 977 2941 ap-

209 2943 362 2988 pointed
399 2943 589 2988 physician
627 2947 665 2977 to
698 2942 763 2977 the
797 2943 977 2988 Emperor

210 2988 443 3024 Maximiliau
486 2989 523 3024 in
561 2990 676 3031 15183
718 2989 886 3025 lectured
928 3002 975 3024 on

209 3036 431 3082 philosophy
455 3041 493 3070 at
519 3036 642 3079 Pavia,
668 3037 741 3070 and
771 3036 975 3071 translated

209 3095 230 3117 a
254 3083 354 3117 work
387 3095 436 3118 on
469 3083 535 3118 the
565 3083 726 3117 Cabbala
754 3084 840 3127 (The
872 3086 976 3117 (intes

208 3131 253 3172 of
277 3131 394 3174 Liylzt)
424 3131 504 3165 into
535 3130 667 3164 Latin:
701 3135 740 3164 to
770 3131 844 3165 this
875 3130 974 3164 work

1050 2710 1167 2751 l'm’v„
1188 2708 1211 2741 f.
1231 2709 1322 2748 539;
1350 2707 1422 2740 and
1449 2706 1618 2749 W'olfius,
1651 2707 1807 2740 Biblioth.

1044 2756 1165 2797 Πρω,
1185 2756 1220 2788 ii.
1240 2766 1273 2800 p.
1296 2755 1394 2787 1058.

1091 2800 1119 2819 ⁴⁹
1137 2803 1279 2836 Fectio-iz.
1332 2801 1384 2834 Cf.
1407 2802 1435 2833 T
1435 2801 1616 2834 heobaldus
1642 2801 1807 2843 medicus,

1044 2849 1080 2882 ii.
1100 2850 1133 2882 9.

1089 2894 1117 2914 ⁵⁵
1138 2897 1204 2928 riri
1221 2899 1303 2929 terr.
1316 2906 1329 2928 .·
1356 2894 1472 2927 Franz
1490 2905 1561 2927 von
1576 2893 1809 2938 Sickingen's

1043 2952 1152 2983 men3
1179 2942 1235 2975 his
1255 2942 1281 2958 ‘⁶'
1294 2941 1393 2974 war’'
1413 2941 1499 2975 with
1520 2940 1567 2973 W
1570 2951 1668 2975 orms
1690 2939 1808 2975 lasted

1043 2989 1137 3022 from
1162 2989 1250 3021 1515
1268 2991 1307 3021 to
1328 2988 1429 3021 1518.

1090 3034 1118 3052 ⁶⁴
1136 3036 1283 3068 bibalia:
1309 3034 1366 3068 for
1389 3033 1591 3077 “bibilia,”
1616 3036 1806 3078 trinIc-yelt.

1089 3081 1117 3100 ⁷¹
1134 3085 1318 3124 Λαμπείας
1336 3081 1376 3115 A.
1386 3080 1662 3116 vindelicorum
1674 3082 1809 3127 (Augs—

1042 3129 1162 3173 burg).

977 3189 1069 3231 159

1841 439 1878 468 40

1841 777 1879 807 45

1842 1111 1880 1141 50

1846 2118 1884 2148 65
