2247 3637
971 498 1101 545 LVI

337 637 400 684 ΕΚ
446 636 706 683 GILBE
735 634 917 682 {TUS
960 633 1538 682 PORRETONIUS
1580 634 1716 680 artis(

425 703 504 750 M.
543 709 589 751 et
624 702 886 765 utrimque
919 702 1046 749 iuris
1080 700 1217 749 baeu.
1258 701 1335 749 M.
1380 701 1521 749 Ortv.
1562 701 1630 748 G.

333 837 536 885 ALUS
565 837 707 884 vobis
728 843 781 884 et
799 837 933 884 bona
952 836 1073 892 dies,
1091 835 1390 884 venerabilis
1410 835 1498 883 vir.
1566 834 1697 899 Legi
1723 834 1833 882 lite-

366 921 475 951 ram
501 910 724 951 vestram
758 920 913 968 quam
940 903 1148 951 misistis
1173 903 1298 950 mihi
1328 903 1392 950 ad
1420 901 1686 967 Ingelstat.
1761 902 1835 966 Et

236 971 473 1018 intellexi
516 972 645 1018 bene
687 971 962 1035 oppinione
1006 977 1244 1019 vestram.
1338 971 1446 1018 Vos
1488 969 1655 1017 dicitis
1697 969 1835 1033 quod

238 1038 465 1085 multum
484 1038 720 1101 gaudetis
739 1038 876 1102 quod
895 1054 990 1102 ego
1006 1055 1120 1085 sum
1139 1038 1277 1102 prius
1297 1037 1608 1101 Theologus‚
1629 1042 1681 1084 et
1700 1052 1836 1083 nunc

238 1105 397 1152 etiam
425 1106 608 1152 studeo
634 1105 685 1152 in
710 1105 845 1152 iure:
881 1105 1000 1168 quia
1024 1111 1100 1153 est
1126 1105 1272 1153 valde
1298 1103 1491 1152 bonum
1517 1103 1653 1168 quod
1680 1103 1836 1167 aliqui

238 1171 489 1236 Theologi
515 1179 635 1220 sunt
660 1172 857 1235 experti
883 1173 933 1219 in
961 1172 1095 1227 lure,
1123 1178 1181 1220 ut
1210 1172 1406 1237 possint
1431 1171 1690 1236 disputare
1717 1187 1836 1218 cum

237 1239 440 1287 iuristis.
502 1239 577 1287 Et
601 1239 816 1286 scribitis
842 1238 967 1286 mihi
992 1239 1054 1286 de
1079 1239 1385 1303 quibusdam
1410 1238 1641 1286 terminis
1661 1237 1837 1285 volens

239 1306 364 1354 scire
404 1306 527 1370 quid
571 1306 890 1371 significant:
943 1306 1062 1369 quia
1104 1306 1306 1354 videtur
1347 1305 1490 1354 vobis
1529 1305 1667 1369 quod
1716 1309 1835 1352 sunt

239 1373 463 1422 iuristici.
538 1373 611 1421 Et
645 1375 773 1421 bene
803 1378 921 1421 sunt
951 1378 1101 1421 eteffi.
1188 1373 1261 1420 Et
1291 1373 1488 1420 habetis
1524 1373 1605 1420 hic
1641 1371 1835 1435 exposi-

237 1441 404 1489 tiones
447 1457 623 1489 eorum
665 1458 728 1489 ex
770 1440 924 1504 glosis
965 1447 1018 1487 et
1059 1440 1322 1488 AccursiO.
1396 1440 1470 1487 Et
1512 1439 1579 1486 sic
1622 1438 1836 1503 potestis

240 1508 412 1556 videre
436 1508 574 1572 quod
594 1508 755 1556 habeo
776 1509 969 1555 bonum
988 1507 1385 1554 fundamentum
1411 1507 1463 1554 in
1487 1507 1607 1554 iure.
1671 1507 1837 1553 Latus

240 1575 413 1622 clavus
438 1582 515 1623 est
540 1591 728 1623 nomen
762 1573 1055 1638 dignitatis:
1094 1574 1175 1621 vel
1199 1574 1280 1622 dic
1311 1574 1449 1637 quod
1473 1580 1580 1621 erat
1607 1573 1749 1621 clava
1773 1573 1836 1620 de

241 1642 450 1690 metallo
498 1659 654 1706 quam
701 1641 996 1706 proiiciebat
1049 1641 1286 1688 tribunus
1342 1641 1393 1688 in
1442 1640 1837 1688 confertissimos

240 1710 412 1758 hostes
437 1715 489 1758 et
525 1709 595 1757 sic
621 1709 775 1757 ceteri
799 1724 975 1756 omnes
1012 1708 1213 1756 fortiter
1248 1708 1550 1773 pugnabant
1586 1707 1672 1763 ita,
1700 1708 1839 1771 quod

243 1777 439 1824 clavam
464 1776 603 1823 illam
636 1775 1018 1840 recuperabant.
1092 1775 1531 1840 Epistographum
1557 1781 1635 1822 est
1663 1774 1839 1822 tabula

240 1844 408 1907 lignea
449 1843 500 1890 in
543 1861 644 1907 qua
691 1849 833 1892 erant
881 1842 1068 1907 scripta
1113 1842 1301 1899 debita,
1352 1849 1410 1890 ut
1458 1842 1608 1890 hodie
1650 1842 1738 1889 fit:
1787 1847 1839 1888 et

239 1911 426 1959 dicitur
477 1910 917 1975 Epistographum
972 1911 1035 1957 ab
1086 1910 1268 1975 opibus
1319 1917 1371 1958 et
1421 1909 1647 1974 graphia,
1701 1908 1841 1972 quod

240 1984 319 2026 est
355 1978 618 2043 scriptura,
661 1978 805 2041 quasi
844 1977 1092 2042 scriptura
1128 1994 1334 2025 suarum
1372 1977 1562 2042 opium.
1636 1976 1841 2023 Abaces

239 2045 482 2093 dicuntur
523 2062 643 2093 vasa
682 2045 921 2110 preciosa.
1013 2044 1282 2093 Corinthia
1327 2044 1569 2092 dicuntur
1610 2060 1729 2090 vasa
1776 2043 1839 2091 de

241 2112 329 2159 vili
354 2112 566 2160 materia
601 2119 660 2160 ut
691 2113 754 2160 de
786 2112 931 2178 palea
956 2112 1037 2159 vel
1072 2112 1226 2160 herba
1262 2112 1489 2176 palustri,
1519 2110 1694 2174 quales
1720 2127 1840 2158 ven-

241 2179 436 2227 duntur
486 2180 760 2227 Bononiae.
852 2179 1043 2226 Balnea
1085 2185 1161 2226 est
1203 2196 1290 2227 vas
1337 2179 1528 2234 lucem,
1571 2177 1652 2226 vel
1698 2177 1842 2241 quasi

243 2246 472 2294 baiulans
497 2246 665 2294 lucem
691 2247 772 2295 vel
800 2246 1014 2294 lancem.
1082 2246 1398 2310 Prothyrum
1425 2263 1454 2293 a
1481 2245 1675 2309 thyros,
1701 2244 1841 2308 quod

242 2320 321 2362 est
350 2313 608 2377 magister,
635 2319 688 2361 et
717 2313 941 2362 nescitur
965 2312 1090 2377 quid
1122 2313 1189 2362 sit
1217 2314 1398 2361 dicere.
1472 2312 1573 2360 Vel
1596 2313 1677 2359 dic
1702 2311 1841 2375 quod

242 2387 320 2429 est
345 2380 471 2428 illud
496 2381 635 2444 quod
660 2381 838 2445 procul
861 2380 1096 2437 trahitur,
1123 2386 1181 2428 ut
1207 2398 1339 2445 aqua
1363 2381 1445 2428 vel
1469 2379 1660 2443 aliquid
1685 2378 1839 2432 aliud,

243 2454 300 2496 ut
344 2448 396 2495 in
438 2449 594 2495 domo
636 2447 854 2495 Accursi
897 2447 1112 2512 Cyrella.
1202 2449 1549 2497 Obsonatores
1591 2452 1711 2494 sunt
1752 2445 1841 2509 qui

242 2515 543 2563 custodiunt
589 2515 858 2562 dominum
907 2515 958 2562 in
1005 2515 1153 2564 lecto.
1232 2515 1331 2563 Vel
1378 2515 1706 2563 obsonatores
1754 2511 1842 2574 qui

241 2589 484 2630 resonant
530 2588 583 2631 et
630 2588 842 2630 cantant
889 2583 1100 2630 domino
1152 2583 1203 2630 in
1252 2598 1441 2630 mensa.
1539 2581 1843 2644 Hypocaus-

290 2716 302 2738 ¹
331 2719 418 2751 G‘ilb.
450 2719 577 2752 Poma:
611 2717 756 2752 Gilbert
787 2718 1009 2752 Porretanus
1078 2719 1188 2764 given
1219 2719 1255 2751 in
1285 2718 1359 2752 this
1390 2717 1457 2762 Ep.
1488 2727 1549 2750 are
1582 2720 1621 2749 to
1655 2714 1698 2749 be
1728 2714 1843 2748 found

243 2775 313 2797 was
338 2776 359 2797 a
389 2765 451 2809 Bp.
471 2765 513 2798 of
535 2765 713 2799 Poictiers
739 2766 776 2798 in
802 2765 866 2799 the
890 2765 1008 2798 XIIth
1078 2766 1256 2800 verbatim
1276 2766 1313 2798 in
1330 2765 1394 2798 the
1411 2764 1560 2809 glosses.

244 2811 361 2864 Ceut„
390 2811 525 2845 author
557 2812 598 2845 of
626 2824 648 2845 a
680 2816 932 2857 commentary
962 2821 1008 2845 on
1127 2820 1151 2839 17
1181 2818 1746 2864 E])f2·,‚⁴l‹0„·f01-Opjstogfflphum,

243 2857 513 2938 Αιῗξῒῖῗέἆνδίθ
529 2916 537 2924 ⁰
588 2905 789 2939 Franceqco
833 2905 993 2939 ACCONO
1127 2876 1154 2895 ²⁰
1180 2878 1321 2910 Abaces.
1373 2876 1440 2909 See
1458 2873 1670 2916 Forcellini,
1689 2885 1755 2908 s.v.

241 2964 269 2985 c.
294 2930 798 2994 11s0—126o,⁰P1·ofessofat
828 2932 1008 2994 Bolomia}
1127 2931 1153 2950 21
1182 2932 1372 2965 corinthia·
1423 2929 1490 2963 see
1509 2927 1722 2971 Forcessini'
1740 2939 1803 2962 ΞΝ·

242 3010 263 3031 a
289 2998 431 3032 famous
464 2997 598 3031 ltaliam
627 2998 752 3042 jul-ist.
819 2999 887 3032 His
912 2979 1016 3033 (illies
1129 2986 1156 3007 ²³
1181 2988 1326 3040 ''Vsum-⁸
1342 2997 1398 3040 ,³²¹¹
1423 2996 1540 3026 error,
1567 2983 1773 3018 aceidfflltal
1803 2994 1845 3018 ⁰¹⁴

243 3045 345 3079 work
371 3056 441 3078 was
466 3056 486 3077 a
511 3044 707 3078 collection
733 3045 775 3079 of
794 3045 933 3090 glosses
962 3058 1009 3079 011
1079 3032 1312 3075 intentional,
1330 3035 1387 3066 10¹⁸
1404 3033 1537 3065 baluca-

242 3092 307 3126 the
342 3091 484 3126 Roman
525 3091 617 3133 Law,
652 3091 784 3125 known
818 3104 856 3126 as
890 3092 1010 3126 “The
1127 3090 1154 3109 2⁴
1174 3092 1406 3134 prothfflwn:
1439 3089 1606 3127 πρόθυρον.
1657 3089 1723 3124 See
1758 3089 1844 3123 For-

244 3139 359 3173 Great
392 3138 532 3172 Gloss.''
592 3137 657 3172 All
690 3138 754 3173 the
787 3139 1010 3173 derivations
1079 3138 1176 3182 cell„
1197 3150 1258 3172 ΞΝ.
1277 3138 1491 3181 diathyrzmz.

1008 3200 1102 3241 251

1872 1319 1909 1349 10

1872 1654 1911 1684 15

1876 1989 1915 2018 20

1877 2324 1915 2354 25
