2247 3637
259 237 313 275 11.
338 239 406 286 33]
751 222 1080 279 PETRUS
1136 224 1357 278 LAPP

259 334 387 382 tiam
426 338 738 386 sanctorum,
782 333 914 380 sicut
953 331 1077 380 dicit
1119 331 1261 396 scrip.
1337 333 1515 381 Etiam
1558 334 1858 382 nominastis

260 400 385 448 mihi
409 400 460 448 in
487 399 761 462 Maguntia
785 400 912 447 duos
940 399 1013 447 M.
1036 416 1102 454 n.‚
1122 399 1190 446 D.
1216 399 1667 448 Bartholomaeum
1693 401 1857 449 Zehe-

260 484 350 515 ner
392 465 793 531 praedicatorem
831 467 882 514 in
920 482 1139 521 summo,
1174 472 1225 515 et
1256 467 1326 514 D.
1359 467 1446 515 Pe.
1484 467 1652 515 bertra
1688 468 1856 532 pleba-

262 551 401 582 num.
473 533 547 581 Et
572 533 623 580 in
649 533 986 581 Frankfordia
1009 533 1055 581 d.
1085 533 1172 581 Pe.
1203 549 1376 597 meyer
1400 534 1488 598 qui
1514 540 1592 581 est
1616 535 1858 583 mirabilis

260 602 312 649 in
349 599 667 649 sermonibus
704 600 805 647 suis
834 600 908 648 Et
936 601 1144 664 quando
1177 600 1290 647 vult
1326 601 1433 664 ipse
1468 600 1591 647 facit
1628 602 1858 650 homines

259 668 436 723 ridere,
467 674 519 714 et
555 667 763 731 quando
789 667 902 715 vult
936 667 1060 715 facis
1093 685 1178 715 eos
1207 667 1342 723 flere,
1370 673 1422 715 et
1457 666 1582 716 facit
1611 669 1859 717 mirabilia

260 734 612 799 praedicando.
709 734 1007 782 Secundum
1062 735 1158 782 hoc
1207 734 1392 782 vellem
1439 735 1578 799 quod
1626 735 1859 784 faceretis

259 818 438 849 omnes
475 802 538 848 ad
574 817 737 848 unum
764 807 817 848 et
841 801 1154 850 excelleretis
1192 801 1314 850 istos
1353 801 1565 849 Iuristas
1591 808 1643 849 et
1670 803 1859 850 Poetas

260 869 556 924 saeculares,
584 867 664 916 vel
700 867 974 933 imponatis
1003 869 1073 917 eis
1111 868 1371 916 silentium
1402 869 1542 933 quod
1578 886 1680 916 non
1707 871 1859 918 aude-

258 942 373 984 rent
397 936 467 983 ita
493 935 708 983 scribere
726 934 893 982 libros.
966 935 1040 983 Et
1064 935 1271 999 quando
1291 935 1481 984 vellent
1505 935 1697 999 aliquid
1724 953 1859 984 com-

258 1003 429 1067 pilare,
450 1009 575 1050 tunc
592 1002 837 1050 deberent
857 1003 995 1066 prius
1020 1003 1287 1051 ostendere
1305 1003 1567 1068 Magistris
1591 1004 1777 1051 nostris
1796 1004 1860 1051 ad

259 1070 540 1118 videndum
566 1070 606 1117 si
631 1069 784 1117 debet
809 1069 1048 1134 imprimi.
1121 1070 1195 1117 Et
1220 1070 1259 1117 si
1283 1087 1387 1117 non
1412 1070 1579 1134 placet
1603 1071 1860 1135 magistris

258 1138 457 1192 nostris,
495 1153 598 1185 non
623 1137 778 1184 debet
813 1136 1036 1201 imprimi
1062 1137 1142 1185 vel
1174 1137 1327 1185 debet
1362 1138 1606 1186 comburi.
1679 1138 1858 1186 Etiam

258 1204 504 1253 deberent
525 1205 599 1252 M.
624 1203 782 1251 nostri
806 1204 971 1252 facere
997 1204 1300 1251 mandatum
1326 1205 1463 1268 quod
1489 1205 1658 1253 nullus
1683 1205 1860 1253 iurista

258 1271 340 1319 vel
369 1278 522 1336 poeta
546 1271 737 1335 aliquid
771 1271 1011 1319 scriberet
1044 1270 1095 1319 in
1121 1271 1417 1335 Theologia,
1443 1278 1495 1319 et
1533 1288 1597 1320 ne
1629 1272 1859 1320 introdu-

259 1345 431 1387 cerent
467 1339 607 1386 illam
638 1355 825 1386 novam
858 1338 1169 1386 latinitatem
1205 1339 1255 1385 in
1287 1345 1660 1386 sacrosanctam
1691 1340 1734 1387 T
1740 1339 1856 1387 heo-

258 1406 464 1470 logiam,
492 1407 625 1453 sicut
649 1406 880 1453 fecerunt
907 1406 980 1453 Io.
1010 1405 1268 1453 Reuchlin
1293 1413 1345 1453 et
1370 1405 1580 1469 quidam
1613 1413 1674 1454 ut
1706 1407 1858 1454 audio

258 1475 347 1538 qui
372 1473 658 1538 appellatur
683 1473 960 1520 Proverbia
984 1472 1215 1520 Erasmi:
1253 1472 1374 1535 quia
1397 1489 1500 1520 non
1526 1480 1646 1520 sunt
1675 1474 1859 1521 funda-

259 1541 508 1588 mentales
534 1541 584 1587 in
610 1557 696 1587 ea:
734 1546 786 1587 et
811 1539 1048 1603 possibile
1073 1546 1150 1587 est
1175 1539 1314 1603 quod
1340 1555 1606 1604 nunquam
1632 1541 1858 1605 disputa-

259 1615 444 1656 verunt
468 1607 670 1671 publice
696 1606 777 1654 vel
801 1613 1082 1654 tenuerunt
1108 1606 1457 1654 conclusiones
1483 1606 1615 1654 sicut
1634 1614 1710 1655 est
1735 1625 1858 1655 mos.

260 1676 366 1740 Ipsi
406 1676 588 1722 volunt
630 1673 836 1721 mittere
873 1673 1059 1721 falcem
1100 1674 1152 1721 in
1194 1690 1412 1721 messem
1456 1674 1678 1730 alterius,
1718 1676 1858 1738 quod

259 1742 510 1806 Theologi
543 1758 646 1789 non
671 1741 862 1788 debent
890 1741 1011 1805 pati.
1085 1740 1228 1805 Ergo
1257 1758 1382 1805 rogo
1406 1757 1496 1788 vos
1525 1742 1665 1805 quod
1691 1742 1858 1790 velitis

257 1826 433 1873 rogare
471 1809 583 1857 illos
622 1808 942 1856 doctissimos
972 1808 1104 1856 viros
1140 1808 1203 1856 de
1240 1808 1426 1872 quibus
1462 1809 1692 1865 scribitis,
1719 1810 1858 1872 quod

257 1876 532 1941 disponant
570 1876 830 1940 disputare
870 1883 1048 1923 contra
1084 1875 1195 1923 illos
1231 1893 1392 1924 novos
1431 1875 1769 1923 latinisatores
1807 1883 1859 1925 et

258 1944 641 1992 scommatizare
689 1959 774 1990 eos
823 1943 964 1991 bene.
1061 1943 1135 1991 Et
1182 1943 1222 1991 si
1275 1942 1456 1990 dicunt
1503 1943 1643 2007 quod
1690 1944 1858 1991 sciunt

255 2011 452 2059 litteras
493 2027 698 2075 graecas
741 2017 794 2058 et
835 2010 1109 2066 hebraicas,
1137 2010 1335 2058 habetis
1372 2011 1692 2074 respondere,
1719 2011 1858 2075 quod

255 2078 384 2126 tales
424 2079 626 2126 litterae
674 2094 777 2125 non
819 2084 1063 2125 curantur
1104 2094 1133 2124 a
1176 2077 1465 2142 Theologis.
1557 2078 1694 2134 Quia
1720 2094 1858 2125 sacra

257 2146 505 2210 scriptura
552 2145 862 2193 sufficienter
907 2151 985 2192 est
1030 2145 1276 2192 translata
1317 2152 1368 2192 et
1416 2161 1519 2192 non
1567 2145 1857 2209 indigemus

258 2212 365 2260 aliis
406 2213 839 2261 translationibus.
912 2212 986 2259 Et
1028 2212 1199 2276 potius
1239 2228 1343 2259 non
1382 2212 1629 2260 debemus
1669 2212 1858 2260 discere

256 2280 384 2327 tales
411 2281 508 2327 lfas
534 2286 740 2344 propter
765 2280 1067 2343 despectum
1096 2280 1409 2326 Iudaeorum
1440 2286 1492 2326 et
1523 2280 1853 2327 Graecorum.

259 2348 396 2404 Quia
435 2347 613 2395 Iudaei
640 2347 868 2394 videntes
901 2347 1041 2410 quod
1078 2346 1320 2394 discimus
1357 2363 1471 2394 suas
1507 2346 1620 2403 ffas,
1647 2347 1855 2394 dicunt:

257 2415 442 2462 “Ecce
477 2414 752 2462 Christiani
789 2414 994 2461 discunt
1022 2419 1221 2461 nostras
1250 2413 1500 2468 scientias,
1536 2419 1587 2460 et
1624 2414 1730 2461 sine
1760 2413 1855 2461 illis

258 2498 362 2529 non
409 2488 624 2546 possunt
671 2481 827 2529 fidem
875 2498 1021 2529 suam
1070 2481 1413 2528 defendere:”
1466 2487 1517 2528 et
1565 2481 1624 2527 fit
1665 2497 1855 2543 magna

259 2549 563 2596 verecundia
602 2548 920 2604 Christianis,
961 2554 1013 2596 et
1054 2548 1232 2595 Iudaei
1267 2547 1548 2595 fortificant
1587 2564 1638 2594 se
1680 2547 1731 2593 in
1767 2564 1858 2594 sua

258 2617 372 2664 fide.
448 2616 548 2663 Sed
576 2616 760 2663 Giaeci
793 2621 1111 2663 recesserunt
1139 2615 1202 2662 ab
1234 2614 1472 2663 ecclesia:
1511 2613 1668 2677 igitur
1699 2614 1856 2661 etiam

258 2683 449 2731 debent
502 2683 675 2730 haberi
726 2700 818 2748 pro
866 2682 1083 2731 inimicis
1133 2688 1185 2729 et
1236 2698 1414 2729 eorum
1463 2681 1702 2728 scientiae
1752 2698 1856 2728 non

303 2832 330 2850 ²⁰
347 2834 469 2867 Zehen.
519 2833 586 2867 See
604 2833 626 2866 i.
645 2833 703 2875 27,
722 2845 756 2867 η.
1138 2830 1166 2849 ³⁶
1183 2833 1302 2874 appell.
1367 2831 1393 2847 “
1409 2830 1642 2875 Smaragdus‘,
1676 2842 1696 2863 a
1737 2842 1856 2876 gram-

1092 2879 1247 2920 marian,
1271 2877 1430 2911 mistook
1457 2878 1651 2910 Ennia-lius
1678 2879 1857 2911 Comoedia

1091 2926 1164 2959 and
1192 2928 1323 2959 Orestes
1350 2925 1552 2967 Trayoedia,
1570 2925 1782 2958 mentioned
1810 2925 1857 2970 by

1093 2972 1273 3013 Donatus,
1294 2972 1350 3005 for
1369 2971 1433 3004 the
1458 2982 1583 3004 names
1608 2971 1649 3004 of
1669 2971 1858 3006 authors.'’

304 3053 330 3064 ρ»,
540 3055 546 3063 ,
612 3054 618 3060 .
1092 3019 1125 3052 J.
1152 3018 1194 3053 A.
1223 3018 1418 3062 Symonds,
1446 3019 1589 3051 Rei-ira!
1611 3019 1656 3060 qf'
1680 3020 1858 3062 Lem-nimy

304 3066 330 3072 ””
349 3057 474 3097 Meyer·
526 3054 592 3087 509
611 3065 633 3086 ¹·
656 3056 691 3095 5>
710 3065 746 3086 ⁷²·
1092 3065 1342 3108 (Retzuissance
1360 3067 1397 3097 in
1414 3065 1533 3107 Italy),
1557 3064 1655 3099 1897.

305 3111 447 3154 ’Ἆῇιυίὸπ
498 3112 568 3153 Sic,
589 3111 626 3144 in
647 3109 734 3155 [D];
762 3111 930 3153 forfiwit.
1140 3111 1167 3130 ⁴³
1190 3123 1292 3145 soom.
1343 3111 1419 3145 Not
1435 3110 1634 3146 elsewhere
1653 3112 1780 3146 found.

1021 3173 1116 3213 205

305 2895 330 2914 ²¹
348 2898 464 2929 Bertr.
479 2908 490 2929 .·
516 2897 536 2912 ‘⁶
549 2907 691 2930 crassus
712 2897 887 2942 rudisque
905 2908 1022 2930 sacer-

256 2943 358 2986 dos,'⁷
376 2943 509 2976 known
528 2942 617 2988 only
635 2943 681 2987 by
698 2943 875 2978 allusions
896 2945 933 2977 in
956 2943 1021 2977 the

258 2991 470 3032 Triumphus
488 2991 682 3023 Beuchlz'ni.

1893 419 1932 449 20

1893 753 1931 783 25

1893 1092 1932 1122 30

1894 1427 1933 1458 35

1894 1761 1932 1790 40

1894 2096 1931 2125 45

1892 2434 1931 2464 50
