2247 3637
375 383 414 412 35

375 716 413 744 40

373 1049 412 1077 45

368 2117 406 2146 10

368 2456 406 2485 15

453 254 920 311 EPISTOLAE
984 253 1574 310 OBSCURORUM
1630 253 2038 310 VIRORUM

447 381 566 412 eum
602 380 732 427 pena
768 363 1028 427 corporali,
1067 380 1170 410 non
1210 363 1532 411 obstantibus
1573 362 1847 427 privilegiis
1891 361 2033 410 cleri-

447 447 637 478 corum.
713 430 795 477 Sic
841 430 972 477 dixit
1019 430 1102 477 ille
1149 429 1352 487 iurista;
1404 431 1490 477 sed
1534 446 1621 476 vos
1668 429 1862 477 debetis
1910 429 2035 477 mihi

447 497 730 561 significare
772 504 1000 544 mentem
1037 503 1277 552 vestram,
1315 504 1368 544 et
1410 498 1448 544 si
1485 513 1588 544 non
1625 497 1761 544 scitis
1799 513 1886 560 per
1921 512 2033 544 vos-

446 563 740 627 metipsum,
761 570 885 611 tune
912 563 1110 611 habetis
1137 564 1397 611 consulere
1422 563 1638 618 iuristas,
1664 569 1717 610 et
1742 563 2035 628 Theologos

447 631 496 678 in
531 631 865 678 universitate
896 630 1200 686 Coloniensi,
1226 632 1366 694 quod
1402 631 1556 678 sciam
1583 630 1882 678 veritatem:
1916 631 2036 694 quia

447 698 572 745 deus
620 704 697 746 est
736 698 936 753 veritas,
975 704 1027 745 et
1068 697 1157 761 qui
1199 705 1338 745 amat
1375 698 1661 752 veritatem,
1700 703 1837 744 amat
1878 698 2035 745 etiam

447 764 615 812 deum.
691 764 934 812 Similiter
967 764 1163 812 debetis
1196 766 1456 812 notificare
1488 764 1611 811 mihi
1637 764 1896 827 quomodo
1923 781 2035 828 pro-

447 831 581 879 cedit
617 831 669 878 in
705 838 873 879 vestra
914 832 1004 879 lite
1046 838 1223 879 contra
1265 833 1530 880 doctorem
1575 831 1843 878 Reuchlin.
1917 831 2034 895 Ego

447 898 597 945 audio
649 898 786 962 quod
839 898 944 962 ipse
997 905 1074 946 est
1127 899 1514 963 depauperatus,
1563 905 1769 962 propter
1822 915 2033 962 magnas

444 981 706 1028 expensas,
745 972 796 1012 et
834 965 979 1013 valde
1016 965 1188 1013 laetor.
1262 966 1401 1022 Quia
1435 983 1580 1031 spero
1612 965 1751 1029 quod
1786 965 2036 1029 Theologi

445 1039 596 1080 erunt
623 1032 837 1080 victores
863 1039 916 1080 et
940 1050 1029 1080 vos
1063 1032 1231 1081 etiam.
1308 1033 1490 1081 valete
1515 1033 1567 1080 in
1591 1031 1798 1080 nomine
1824 1032 2031 1080 domini.

552 1116 704 1153 Datum
737 1117 1089 1154 FRANCKFonmAE.

1123 1303 1353 1350 XXVII

534 1434 597 1482 CI
622 1433 660 1480 Ι
664 1434 763 1480 ΘΑ
772 1434 998 1481 NNES
1038 1435 1185 1482 STA
1194 1435 1412 1482 BLER
1419 1436 1453 1482 l
1460 1436 1514 1482 U
1508 1436 1553 1483 S
1594 1436 1667 1482 M
1663 1436 1701 1483 I
1698 1434 1749 1481 L
1761 1435 1945 1482 TEN-

632 1501 686 1547 P
693 1501 747 1547 U
742 1501 792 1547 R
799 1501 981 1548 GEN
976 1501 1056 1548 SI
1053 1502 1098 1548 S
1127 1502 1177 1549 S.
1206 1502 1278 1550 D.
1307 1503 1385 1550 ΙΡΙ.
1418 1503 1633 1550 Ortvino
1662 1502 1851 1550 Gratio

538 1632 717 1679 ICUT
745 1649 942 1696 semper
968 1632 1230 1695 cupivistis
1260 1650 1289 1679 a
1319 1650 1402 1681 me
1427 1633 1610 1681 habere
1636 1633 1906 1688 novitates,
1933 1632 2035 1679 iam

568 1705 648 1747 est
692 1705 899 1763 tempus
947 1700 1087 1763 quod
1135 1700 1297 1747 debeo
1344 1707 1397 1748 et
1450 1717 1656 1764 possum
1705 1701 1848 1747 vobis
1902 1715 2035 1746 nova

441 1766 673 1821 scribere,
707 1766 941 1829 quamvis
977 1766 1141 1822 doleo,
1178 1768 1299 1830 quia
1334 1784 1438 1815 non
1475 1774 1595 1815 sunt
1632 1768 1777 1814 bona.
1854 1765 2035 1814 Sciatis

440 1833 579 1896 quod
626 1833 804 1880 fratres
845 1833 908 1881 de
953 1833 1129 1880 ordine
1175 1834 1582 1898 praedicatorum
1623 1834 1914 1882 habuerunt
1954 1834 2035 1881 hie

440 1900 786 1964 indulgentias
819 1917 944 1964 quas
977 1900 1381 1964 impetraverunt
1414 1901 1465 1949 in
1499 1902 1637 1950 curia
1661 1918 1870 1949 romana
1894 1917 2032 1964 mag-

440 1967 516 2014 nis
553 1968 802 2032 expensis,
833 1974 885 2015 et
923 1967 1229 2032 colligerunt
1265 1969 1421 2016 etiam
1458 1970 1578 2017 satis
1611 1985 1852 2033 magnam
1884 1984 2034 2032 pecu-

441 2034 593 2082 niam.
652 2035 802 2082 Tunc
827 2035 889 2082 de
915 2041 1067 2082 nocte
1092 2036 1234 2083 venit
1265 2036 1475 2099 quidam
1511 2037 1593 2084 fur
1617 2037 1667 2083 in
1693 2034 1957 2084 ecclesiam
1983 2040 2037 2083 et

441 2101 638 2176 accepit
662 2101 776 2165 plus
800 2119 958 2165 quam
990 2108 1244 2150 trecentos
1273 2103 1504 2160 florenos,
1530 2110 1582 2152 et
1606 2104 1805 2151 furatus
1831 2109 1908 2150 est
1933 2118 2031 2150 eos,

442 2167 514 2214 Et
544 2168 627 2215 isti
660 2168 840 2216 fraties
866 2186 896 2216 v
902 2169 958 2216 i1i
983 2169 1135 2216 zelosi
1160 2176 1214 2217 et
1237 2169 1288 2217 in
1312 2170 1412 2218 fide
1437 2171 1709 2218 christiana
1733 2170 1879 2218 valde
1906 2170 2034 2217 bene

441 2235 756 2283 affectionati
780 2235 951 2283 tristes
975 2236 1088 2283 fuel
1091 2243 1201 2293 unt
1222 2244 1275 2285 et
1299 2244 1683 2302 conqueruntur
1706 2238 1769 2285 de
1794 2237 1881 2285 illo
1905 2237 2031 2285 fure.

443 2302 544 2349 Sed
587 2301 720 2349 cives
763 2303 1014 2351 miserunt
1055 2303 1283 2367 undique
1325 2312 1377 2352 et
1419 2322 1522 2353 non
1563 2311 1777 2381 possunt
1819 2305 2034 2368 repelire

440 2385 575 2424 eum,
602 2369 720 2433 quia
756 2369 974 2433 aufugit,
1008 2376 1061 2417 et
1096 2370 1252 2418 habet
1288 2389 1461 2420 secum
1494 2373 1777 2448 pecuniam.
1852 2371 1925 2418 Et
1958 2377 2034 2419 est

441 2452 627 2500 magna
668 2437 910 2500 nequitia,
950 2437 1090 2500 quod
1132 2438 1227 2484 1100
1270 2439 1422 2487 debet
1463 2441 1570 2488 fieri
1606 2441 1658 2487 in
1699 2437 2033 2513 indulgentiis

439 2503 719 2567 papalibus,
756 2509 807 2550 et
844 2504 895 2550 in
930 2503 1043 2550 1000
1080 2519 1249 2552 sacro:
1285 2505 1391 2569 ipse
1427 2513 1504 2554 est
1539 2506 2032 2561 excommunicatus,

438 2570 505 2617 sit
546 2570 634 2617 ubi
676 2570 753 2618 sit.
829 2570 1082 2618 Homines
1124 2571 1211 2634 qui
1260 2579 1380 2619 sunt
1421 2573 1642 2621 absoluti
1685 2580 1737 2620 et
1778 2572 2032 2620 dederunt

487 2656 514 2675 ³⁵
536 2660 629 2701 priv.
660 2661 765 2692 clera:
803 2658 915 2702 “Qui
945 2659 982 2692 in
1010 2658 1138 2692 habitu
1167 2663 1205 2692 et
1318 2659 1344 2678 ‘¹⁸
1375 2663 1546 2695 Frmwkn:
1564 2663 1615 2695 i.c.
1633 2660 2032 2695 Frankfort-on-Main.

437 2709 590 2738 tonsura
602 2710 640 2739 et
650 2706 781 2740 ceteris
795 2710 836 2739 ut
846 2704 928 2739 laici
942 2710 1206 2739 conversantur

438 2751 657 2796 deprehensi
675 2754 712 2786 in
732 2751 919 2786 maleficiis
931 2764 969 2786 se
985 2764 1048 2797 pro
1063 2751 1205 2785 clericis

439 2810 513 2832 non
533 2800 772 2834 defendunt.’⁷
812 2801 981 2833 [secretas.
1001 2802 1099 2842 (ir-ey.
1116 2801 1184 2832 IX.
1191 2825 1201 2841 ,

441 2846 516 2879 Lib.
535 2845 574 2880 V.
594 2847 649 2880 tit.
670 2847 794 2880 xxxiii.
814 2858 844 2881 0.
864 2847 918 2881 27.

485 2891 513 2909 ⁴³
537 2895 802 2935 depauperatus.
855 2893 912 2935 R„
933 2894 969 2926 in
992 2905 1012 2926 a
1033 2892 1145 2927 letter
1162 2897 1200 2926 to

440 2938 631 2973 Mutianus
644 2940 754 2985 (Aug.
768 2940 827 2983 22,
844 2941 959 2983 1513),
974 2939 1133 2974 laments
1146 2940 1201 2972 his

437 2984 531 3018 half-
533 2985 633 3020 filled
660 2998 794 3030 purse;
816 2966 891 3020 >and
918 2988 955 3020 in
985 2988 1084 3028 1519,
1104 2987 1201 3020 writ-
1313 2984 1325 3002 ‘⁵
1348 2987 1501 3027 praedic.
1553 2984 1784 3030 Apparently
1817 2990 1883 3019 not
1914 2989 1953 3019 to
1987 2985 2031 3020 be

438 3032 502 3076 ing
518 3036 556 3065 to
576 3033 604 3065 P
607 3033 838 3076 irckheimer‚
855 3035 899 3068 he
918 3046 1013 3078 says,
1036 3014 1199 3067 “'Sword
1265 3032 1377 3066 taken
1396 3033 1432 3065 in
1451 3032 1514 3066 the
1535 3032 1639 3066 usual
1656 3044 1761 3066 sense
1780 3032 1821 3066 of
1834 3032 2032 3065 “Domini-

436 3079 508 3111 and
526 3079 726 3123 pestilence
744 3081 758 3114 1
779 3061 869 3115 hale
883 3081 1061 3126 escaped3
1078 3079 1199 3114 would
1265 3078 1384 3123 cans‚’'
1401 3080 1500 3114 since
1517 3080 1581 3113 the
1599 3083 1810 3124 monastery
1823 3083 1861 3112 at
1880 3077 2030 3112 Milten-

437 3125 519 3159 that
536 3125 552 3159 1
571 3125 680 3160 could
698 3127 765 3161 fiee
783 3128 917 3162 firmine
935 3139 973 3161 as
992 3126 1096 3162 well.
1091 3126 1117 3149 l’
1265 3126 1354 3170 berg
1372 3138 1441 3160 was
1460 3126 1501 3160 of
1515 3126 1762 3160 Franciscans.

1198 3188 1262 3234 70

1320 2727 1331 2746 ¹
1356 2730 1685 2771 Miltenlmryensis:
1712 2727 1947 2772 Miltenberg.
1998 2729 2031 2762 A

1269 2774 1375 2808 small
1403 2780 1500 2809 town
1530 2775 1691 2809 sitnated
1724 2787 1771 2809 on
1804 2775 1868 2809 the
1902 2776 2032 2817 Main;

1268 2821 1331 2856 the
1348 2823 1497 2856 ancient
1514 2824 1647 2855 Schloss
1663 2822 1705 2856 of
1722 2822 1786 2856 the
1805 2822 1972 2857 Electors
1995 2823 2037 2856 of

1268 2868 1391 2902 Mainz
1421 2870 1450 2901 is
1477 2868 1555 2903 still
1585 2881 1654 2903 one
1681 2869 1723 2902 of
1746 2870 1791 2903 its
1822 2870 2033 2914 prominent

1266 2915 1437 2950 features.
