2247 3637
414 301 451 329 10

409 624 448 653 15

409 969 447 998 20

406 1305 445 1334 25

404 1641 443 1671 30

403 1976 442 2006 35

403 2311 440 2338 40

489 167 961 224 EPISTOLAE
1025 166 1617 224 OBSCURORUM
1672 167 2082 224 VIRORUM

485 275 567 324 via
594 275 969 339 theologorum,
995 280 1048 322 et
1072 274 1265 323 habent
1289 291 1407 338 prae
1431 293 1483 324 se
1507 275 1822 339 magistrales
1846 276 2082 333 rationes,

485 343 549 391 de
589 342 773 406 quibus
811 348 888 390 est
929 358 1032 389 una
1071 341 1210 404 quod
1257 341 1376 389 alias
1419 342 1597 391 ludaei
1643 341 1766 389 facti
1808 342 2082 391 Christiani

485 410 536 456 in
583 415 816 457 extremo
862 408 1050 456 iudicio
1096 414 1400 472 putarentur
1446 425 1553 457 esse
1596 408 1789 463 Iudaei,
1829 408 1868 456 si
1914 417 2081 458 essent

483 475 609 524 nudi
643 476 695 523 in
723 477 949 540 ipsorum
974 475 1206 522 membro
1231 476 1376 532 virili,
1402 483 1455 523 et
1480 477 1548 523 sic
1573 475 1691 540 ipsis
1716 475 1860 524 fieret
1884 476 2079 524 iniuria.

485 543 586 591 Sed
615 544 740 590 deus
772 541 963 590 nemini
994 541 1109 589 vult
1140 542 1304 591 facere
1335 543 1599 591 iniuriam:
1636 559 1757 605 ergo
1790 548 1887 591 etc.
1960 544 2083 591 Alia

482 610 611 658 ratio
658 616 801 658 tenet
848 626 912 657 ex
960 608 1236 658 autoritate
1281 610 1571 674 psalmistae
1619 609 1707 672 qui
1754 609 1905 657 dicit:
1961 610 2081 658 “Et

482 678 748 724 abscondit
806 693 888 723 me
945 676 997 723 in
1056 675 1137 723 die
1195 677 1462 733 malorum,
1511 684 1564 725 et
1620 675 1847 740 protexit
1898 693 1982 724 me
2028 677 2079 725 in

483 745 782 792 abscondito
801 762 811 791 z
829 744 851 759 ’³
889 743 1015 791 dicit
1041 750 1068 769 ‘⁶
1089 743 1141 790 in
1167 743 1248 792 die
1271 745 1567 800 malorum‚’'
1593 743 1644 791 id
1669 749 1748 790 est
1771 744 1823 790 in
1847 750 2080 792 extremo

481 811 668 859 iudicio
726 811 778 858 in
838 810 968 858 valle
1028 809 1284 875 Iosephat‚
1344 811 1550 875 quando
1608 816 1813 874 oportet
1870 811 2079 860 reddere

482 879 734 927 rationem
775 878 1007 925 omnium
1055 877 1321 926 malorum.
1394 878 1539 925 Alias
1587 877 1807 925 rationes
1848 878 2079 942 relinquo

481 952 691 1010 propter
754 945 1089 993 brevitatem:
1159 961 1224 993 ex
1285 962 1388 1010 quo
1447 946 1499 992 in
1558 944 1846 1008 Erphordia
1904 961 2079 992 sumus

482 1012 727 1068 moderni,
748 1019 801 1060 et
826 1011 1056 1060 moderni
1081 1028 1278 1077 semper
1301 1012 1531 1076 gaudent
1555 1011 1821 1067 brevitate,
1841 1017 1901 1058 ut
1926 1012 2075 1060 scitis.

481 1079 660 1127 Etiam
692 1096 783 1144 pro
816 1095 876 1126 eo
909 1080 1049 1143 quod
1082 1096 1177 1143 ego
1214 1079 1375 1127 habeo
1411 1079 1598 1126 malam
1634 1078 1948 1135 memoriam,
1975 1095 2078 1126 non

480 1163 687 1210 possum
713 1146 878 1194 multa
901 1152 1228 1194 mentetenus
1254 1146 1377 1194 scire
1401 1146 1685 1210 allegando,
1705 1152 1858 1209 prout
1881 1145 2079 1194 faciunt

480 1214 674 1261 domini
710 1214 932 1261 iuristae.
1006 1213 1105 1261 Sed
1143 1213 1226 1261 alii
1261 1214 1443 1262 volunt
1479 1214 1617 1277 quod
1653 1212 1738 1260 illa
1771 1213 1941 1276 opinio
1974 1229 2078 1260 non

478 1287 651 1345 potest
686 1281 972 1336 subsistere,
1009 1287 1062 1328 et
1097 1281 1288 1329 habent
1323 1297 1415 1345 pro
1452 1297 1503 1328 se
1539 1281 1802 1335 Plautum,
1831 1280 1919 1343 qui
1954 1280 2078 1328 dicit

479 1348 531 1395 in
565 1365 655 1396 sua
688 1347 884 1412 poetria
919 1347 1057 1412 quod
1098 1348 1237 1395 facta
1273 1347 1462 1395 infecta
1498 1347 1603 1395 fieri
1640 1354 1919 1411 nequeunt.
1993 1348 2078 1395 Ex

479 1415 574 1463 hoc
607 1415 746 1463 dicto
779 1416 1013 1479 probant,
1040 1414 1079 1461 si
1112 1414 1335 1479 aliquam
1368 1420 1566 1478 partem
1600 1415 1820 1478 corporis
1858 1414 2077 1462 ludaeus

478 1482 647 1530 amisit
671 1482 723 1529 in
748 1499 837 1529 sua
860 1482 1124 1538 iudaitate‚
1148 1499 1253 1529 non
1277 1488 1541 1546 recuperat
1565 1482 1705 1529 illam
1729 1481 1781 1528 in
1806 1481 2077 1529 christiana

476 1549 819 1614 religiositate.
914 1548 988 1596 Et
1047 1557 1110 1596 cu
1168 1555 1392 1613 arguunt
1449 1549 1587 1612 quod
1645 1548 1872 1612 ipsorum
1927 1565 2075 1623 argu-

478 1623 654 1664 menta
711 1633 815 1663 non
874 1616 1190 1663 concludunt
1248 1615 1557 1663 formaliter:
1617 1616 1736 1663 alias
1796 1632 1859 1663 ex
1912 1616 2076 1680 prima

476 1683 672 1731 ratione
704 1689 999 1746 sequeretur
1031 1683 1169 1746 quod
1205 1682 1277 1730 illi
1314 1682 1587 1730 Christiani
1623 1682 1709 1746 qui
1745 1682 2076 1746 perdiderunt

475 1757 684 1815 propter
724 1767 867 1797 suam
908 1749 1163 1797 luxuriam
1203 1756 1402 1814 partem
1445 1766 1599 1796 unam
1635 1767 1662 1796 e
1699 1767 1791 1797 suo
1827 1750 2074 1805 membro,

477 1824 536 1864 ut
572 1834 720 1893 saepe
753 1817 1005 1880 contingit
1040 1817 1093 1864 in
1126 1817 1464 1865 saecularibus
1501 1824 1553 1864 et
1589 1816 1933 1881 spiritualibus
1969 1834 2074 1880 per-

477 1884 625 1940 sonis,
652 1884 808 1932 etiam
834 1884 1196 1932 crederentur
1184 1901 1235 1930 1n
1261 1891 1492 1931 extremo
1517 1883 1704 1931 iudicio
1730 1901 1837 1931 esse
1864 1884 2043 1931 Iudaei
2064 1902 2073 1932 :

477 1952 563 1999 sed
611 1952 706 1999 hoc
753 1968 970 1999 asserere
1016 1957 1093 1999 est
1139 1951 1469 2007 haereticum,
1517 1957 1569 1998 et
1627 1951 1856 2015 magistri
1914 1951 2074 1999 nostri

476 2018 756 2066 haereticae
781 2018 1044 2082 pravitatis
1069 2017 1393 2082 inquisitores
1417 2034 1741 2081 nequaquam
1768 2018 2072 2073 concedunt,

475 2085 595 2149 quia
626 2086 719 2150 ipsi
753 2086 1025 2149 aliquando
1055 2085 1210 2132 etiam
1243 2092 1364 2133 sunt
1396 2085 1679 2133 defectuosi
1704 2085 1755 2132 in
1780 2084 1876 2132 ista
1899 2091 2073 2149 parte;

476 2153 563 2200 sed
597 2153 692 2200 hoc
725 2170 828 2200 non
853 2152 1107 2217 contingit
1131 2152 1248 2217 ipsis
1274 2169 1337 2200 ex
1362 2152 1728 2207 meretricibus,
1754 2153 1840 2200 sed
1865 2153 2073 2215 quando

475 2219 527 2267 in
563 2220 754 2267 balneis
791 2235 842 2267 se
877 2236 981 2267 non
1018 2219 1328 2284 praevident.
1402 2220 1595 2267 Iccirco
1632 2236 1807 2282 precor
1841 2218 2073 2266 domina-

473 2286 669 2334 tionem
728 2293 948 2334 vestram
1007 2286 1268 2334 humiliter
1314 2293 1366 2334 et
1413 2286 1673 2334 devotarie
1719 2286 1858 2350 quod
1906 2285 2072 2334 velitis

476 2360 643 2401 vestra
675 2353 952 2401 descisione
985 2353 1321 2401 determinare
1357 2353 1427 2400 rei
1464 2354 1749 2408 veritatem,
1776 2360 1828 2400 et
1860 2353 2071 2400 interro-

472 2437 592 2484 gare
635 2437 847 2469 uxorem
890 2421 935 2467 d.
971 2421 1044 2467 Io.
1080 2421 1199 2483 pfef.
1233 2437 1296 2468 ex
1338 2437 1440 2484 quo
1484 2437 1602 2468 cum
1643 2437 1702 2468 ea
1741 2420 1871 2467 bene
1909 2420 2068 2475 statis,

473 2494 526 2534 et
550 2488 636 2535 illa
659 2505 762 2535 non
788 2505 818 2534 v
823 2486 1159 2535 erecundatm
1183 2487 1347 2535 dicele
1372 2504 1541 2535 coram
1566 2504 1598 2534 v
1601 2487 1710 2534 obis
1735 2502 2071 2550 quaecunque

475 2555 629 2602 vultis
670 2561 876 2620 propter
911 2554 1050 2602 illam
1086 2554 1405 2601 amicabilem
1442 2553 1877 2601 conversationem
1915 2570 2069 2617 quam

423 2645 439 2673 5
473 2621 669 2670 habetis
702 2639 819 2669 cum
854 2621 962 2669 vilo
996 2637 1100 2668 suo.
1174 2621 1249 2667 Et
1280 2637 1376 2685 ego
1409 2621 1563 2667 etiam
1595 2619 1746 2667 audio
1778 2620 1916 2683 quod
1950 2621 2069 2668 estis

473 2689 579 2736 eius
617 2690 898 2745 confessor3
935 2694 1203 2753 propterea
1238 2688 1451 2752 potestis
1487 2704 1599 2734 eam
1637 2686 1939 2750 compellere
1975 2687 2069 2735 sub

472 2773 602 2819 pena
660 2762 865 2804 sanctae
923 2754 1255 2803 obedientiae.
1356 2753 1585 2801 Dicatis:
1647 2754 1922 2801 “Domina
1980 2755 2066 2809 mi,

473 2823 632 2870 nolite
667 2821 1009 2877 verecundari,
1035 2838 1132 2885 ego
1165 2821 1266 2868 scio
1295 2820 1433 2884 quod
1459 2820 1577 2868 estis
1602 2820 1815 2867 honesta
1838 2838 2067 2885 persona,

473 2889 603 2936 sicut
635 2897 712 2938 est
743 2907 846 2938 una
873 2889 925 2937 in
952 2888 1192 2936 Colonia:
1230 2904 1332 2935 non
1358 2894 1476 2951 peto
1502 2887 1829 2935 inhonestum
1855 2906 1884 2935 a
1908 2889 2066 2943 vobiS‚

660 3001 686 3020 ¹⁵
708 3004 795 3045 psal,
808 3015 820 3037 ,·
838 3003 933 3036 xxvi,
952 3005 984 3037 5,
1390 2997 1416 3017 ¹⁸
1441 3001 1576 3042 ereph.
1627 3002 1694 3034 See
1712 3001 1733 3033 i.
1754 3001 1812 3044 30,
1832 3013 1867 3034 71.

1004 3047 1032 3068 ²⁵
1064 3049 1176 3081 Plavt.
1193 3058 1206 3081 .·
1224 3046 1407 3091 Amphitr.
1428 3046 1477 3079 iii.
1497 3047 1528 3079 2.

1242 3109 1304 3148 96
