2247 3637
379 267 851 323 EPISTOLAE
911 268 1122 326 OBSC
1133 271 1503 328 URORUM
1561 273 1972 330 VIRORUM

1059 514 1288 562 XXVII

455 645 518 692 ΙΙ
555 645 633 693 M.
685 646 755 693 W
748 646 1091 694 ILHELM
1096 648 1189 695 US
1218 650 1539 698 STORCH
1557 649 1636 696 M.
1669 649 1884 697 Ortvz'no

907 714 1096 763 Gratio
1121 715 1259 764 Sasu.
1287 717 1349 764 P.
1378 718 1450 764 D.

489 846 631 893 UID
669 853 747 895 est
784 848 923 910 quod
962 849 1188 898 multum
1224 849 1439 898 scribitis
1478 849 1602 898 mihi
1641 850 1703 896 de
1740 849 1882 897 vobis
1921 855 1973 896 et

519 919 695 961 tamen
724 930 827 961 non
851 917 1239 979 repraesentatis
1263 917 1387 964 mihi
1421 917 1577 965 semel
1605 916 1750 964 illum
1787 916 1974 964 librum

323 1002 342 1031 5
376 995 533 1042 quem
552 980 816 1044 scripsistis
838 988 1014 1030 contra
1032 984 1315 1032 Iohannem
1336 984 1604 1032 Reuchlin.
1666 983 1740 1031 Et
1759 982 1975 1031 scribitis

377 1047 504 1095 mihi
550 1048 689 1110 quod
736 1048 984 1097 habuistis
1031 1051 1227 1099 bonum
1274 1052 1538 1115 ingenium
1586 1051 1794 1114 quando
1836 1066 1974 1098 com-

377 1113 616 1178 posuistis
664 1114 811 1163 illum
860 1115 1078 1174 librum3
1137 1125 1189 1166 et
1248 1118 1450 1166 creditis
1508 1118 1647 1182 quod
1706 1118 1822 1165 talis
1877 1116 1973 1164 erit

379 1181 607 1229 multum
631 1183 886 1239 notabilis,
915 1185 997 1232 Ita
1028 1186 1166 1248 quod
1192 1202 1324 1234 unus
1348 1186 1618 1250 impressor
1642 1184 1806 1232 voluit
1832 1184 1974 1231 vobis

378 1249 496 1296 dare
538 1249 722 1312 viginti
763 1250 980 1299 florenos
1018 1253 1156 1315 quod
1196 1252 1469 1301 mitteretis
1508 1270 1627 1300 eum
1666 1252 1971 1316 imprimere.

304 1336 343 1365 10
378 1315 453 1363 Et
477 1315 694 1363 scribitis
718 1317 844 1364 mihi
869 1319 1005 1382 quod
1032 1319 1187 1367 vultis
1213 1320 1337 1367 mihi
1362 1320 1567 1368 mittere
1592 1319 1808 1384 copiam,
1834 1319 1973 1382 quod

378 1383 539 1431 debeo
564 1384 831 1432 ostendere
855 1385 936 1433 hic
962 1386 1245 1434 Curtisanis
1270 1393 1321 1434 et
1348 1388 1568 1451 copistiS‚
1585 1393 1636 1434 et
1662 1402 1844 1433 vexare
1871 1402 1970 1434 eos.

378 1450 518 1505 Quia
545 1467 649 1498 non
675 1452 857 1500 volunt
890 1453 1093 1501 credere
1125 1454 1262 1516 quod
1300 1455 1350 1501 in
1376 1454 1621 1502 Almania
1657 1460 1777 1501 sunt
1817 1454 1974 1501 etiam

377 1517 450 1565 ita
478 1519 608 1565 bene
644 1525 826 1581 poetae
852 1519 983 1567 sicut
1008 1520 1060 1567 in
1087 1520 1250 1568 Italia.
1326 1521 1400 1568 Et
1437 1528 1571 1569 esset
1608 1521 1737 1569 bene
1777 1521 1973 1568 bonum

377 1585 516 1648 quod
542 1585 815 1634 mitteretis
846 1587 969 1634 mihi
1002 1603 1135 1635 eum.
1211 1588 1311 1635 Sed
1345 1605 1448 1635 non
1480 1588 1674 1636 facitis:
1713 1593 1765 1636 et
1798 1595 1974 1635 tamen

304 1670 343 1700 15
378 1668 577 1716 semper
610 1652 826 1701 scribitis
862 1654 1000 1716 quod
1026 1654 1182 1702 vultis
1217 1655 1393 1703 facere.
1467 1655 1540 1703 Et
1569 1672 1694 1720 rogo
1720 1672 1808 1702 vos
1834 1654 1974 1718 quod

377 1719 545 1767 velitis
582 1719 705 1767 mihi
740 1720 945 1769 mittere
978 1721 1104 1770 illud
1138 1722 1397 1770 dictamen
1434 1739 1521 1771 seu
1558 1722 1760 1770 librum.
1835 1721 1975 1778 Quia

378 1786 495 1833 volo
520 1786 601 1833 hic
622 1803 805 1835 vexare
829 1787 1026 1851 aliquos
1052 1789 1285 1853 copistas‚
1302 1790 1391 1853 qui
1417 1790 1632 1837 credunt
1656 1789 1795 1853 quod
1822 1805 1974 1836 nemo

377 1852 473 1901 scit
497 1853 688 1917 aliquid
707 1871 864 1918 quam
883 1855 990 1919 ipsi.
1047 1856 1225 1904 Etiam
1244 1857 1625 1921 reprehendunt
1644 1856 1724 1904 hic
1750 1855 1976 1903 carmina

377 1936 493 1968 mea
538 1920 745 1983 quando
792 1921 961 1985 aliqua
1007 1922 1186 1980 scribo,
1229 1923 1457 1972 dicentes
1498 1924 1637 1988 quod
1681 1929 1801 1971 sunt
1843 1923 1972 1970 bene

303 2004 342 2034 20
377 1987 665 2051 compilata.
737 1988 969 2037 videatis
992 1995 1169 2038 tamen
1194 1990 1233 2037 si
1258 1997 1335 2038 est
1361 2007 1555 2046 verum,
1571 1991 1691 2054 quia
1715 1990 1795 2037 hic
1821 1989 1975 2037 mitto

378 2054 520 2101 vobis
545 2071 707 2102 unum
733 2056 873 2118 quod
899 2057 1161 2121 composui
1185 2074 1346 2122 nuper
1371 2059 1576 2121 quando
1601 2058 1676 2105 M.
1699 2057 1764 2104 N.
1795 2057 1975 2104 Hoch-

378 2127 505 2169 strat
538 2122 747 2169 advenit
783 2129 834 2169 et
870 2123 1017 2187 posui
1053 2125 1115 2172 ad
1158 2124 1437 2189 pastquillsi
1475 2124 1527 2173 in
1569 2125 1816 2172 honorem
1842 2124 1975 2171 illius

376 2189 612 2236 doctoris.
698 2189 837 2245 Quia
883 2197 961 2238 est
1008 2191 1082 2238 vir
1129 2192 1395 2256 singularis
1442 2198 1494 2240 et
1542 2191 1771 2242 defendit
1819 2191 1974 2238 fidem

378 2255 698 2303 Catholicam
751 2263 928 2304 contra
982 2258 1173 2306 multos
1232 2258 1525 2307 haereticos.
1623 2259 1696 2306 Et
1749 2264 1824 2306 est
1872 2258 1974 2306 tale

303 2338 341 2369 25
378 2324 627 2371 Carmen:

377 2501 609 2538 CARMEN
642 2502 911 2540 MAGISTRI
943 2503 1241 2540 WILHELMI
1273 2504 1490 2541 STORCH
1524 2504 1975 2542 DAVENTRIENSIS

485 2556 582 2605 quod
614 2557 812 2605 composuit
842 2557 891 2593 ad
920 2557 1238 2594 latronisatz‘onem
1269 2558 1473 2595 Reverendz'
1500 2559 1580 2608 ins
1610 2559 1697 2595 Fra.
1732 2558 1789 2596 Ia.
1821 2559 1865 2595 de
1895 2558 1972 2595 ΗΟ.

485 2610 562 2647 ord.
581 2610 879 2660 praedicatorum
901 2610 1081 2662 Magistri
1100 2612 1214 2648 nostri
1234 2617 1266 2648 el
1287 2612 1512 2662 inquisitoris
1532 2612 1651 2649 haere.
1670 2626 1757 2663 pra.

380 2716 531 2753 Notum
552 2720 604 2753 sit
623 2717 688 2753 hic
710 2718 895 2754 omnibus
951 2720 1081 2766 parvis
1103 2731 1261 2754 necnon
1283 2719 1459 2763 senibus,

303 2786 342 2816 30
378 2769 565 2815 Qualiter
584 2784 688 2808 unus
710 2772 906 2821 Magister
925 2776 1076 2818 noster,
1132 2775 1199 2821 qui
1221 2777 1283 2809 est
1303 2772 1446 2808 doctus
1468 2772 1731 2816 excellenter,

378 2824 431 2860 Et
452 2830 615 2861 vocatur
635 2825 803 2862 Iacobus
823 2825 874 2861 de
900 2824 1190 2871 Hochstraten,
1247 2826 1354 2875 quod
1371 2831 1433 2862 est
1449 2839 1562 2862 suum
1585 2828 1790 2875 proprium
1812 2838 1976 2870 nomen,

424 2956 435 2973 ⁴
461 2959 507 2990 ill.
523 2959 576 2990 sil».
589 2970 601 2991 :
620 2959 674 2991 ile.
690 2957 950 2992 Pfefferkorn's
964 2959 1137 2999 Defensio.
1212 2957 1328 2991 which
1365 2957 1555 3003 lampoons
1588 2971 1683 2993 were
1715 2959 1859 2993 affixed.
1911 2960 1978 2993 See

423 3004 436 3020 Β
463 3006 670 3046 imprasmnz·
704 3005 882 3048 Quentel,
907 3005 1050 3049 though
1084 3005 1139 3037 his
1214 3005 1239 3037 Ι.
1273 3004 1443 3048 1.)ἰ,<ι·ιιθ1ἰ,
1478 3008 1561 3040 l'ur.
1592 3007 1636 3048 Qs'
1657 3008 1741 3047 Lit„
1770 3006 1842 3039 and
1869 3006 1903 3040 J.
1933 3005 1974 3038 B.

378 3062 484 3084 name
514 3052 574 3084 ‹lid
610 3056 675 3085 not
701 3064 835 3097 appear
864 3064 911 3085 (ιιι
942 3052 1006 3086 the
1040 3050 1140 3085 title-
1212 3051 1468 3095 Mary-Lafon,
1510 3055 1668 3096 Paxquin
1708 3058 1739 3087 et
1787 3054 1975 3096 Mmjbrio,

377 3109 479 3142 page.
1212 3098 1326 3140 Paris,
1349 3099 1445 3132 1861.

425 3143 452 3162 ²²
475 3146 660 3187 postqum:
681 3145 745 3178 the
760 3147 938 3188 flamniam
951 3149 1086 3187 statue,
1101 3149 1139 3179 to
1259 3143 1283 3162 ²⁷
1310 3147 1470 3180 sutram:
1496 3146 1700 3191 ironically.

1147 3206 1239 3247 188
