2247 3637
433 270 901 327 EPISTOLAE
961 269 1552 327 OBSCURORUM
1607 268 2016 325 VIRORUM

429 379 538 427 laus
576 386 743 427 vestra
782 386 970 428 crescat
1006 380 1138 427 sicut
1168 379 1290 426 fecit
1331 394 1493 442 usque
1539 379 1655 434 huc,
1692 378 1813 443 quia
1850 383 2018 425 vestra

364 466 402 495 55
430 447 615 510 scripta
634 453 755 494 sunt
781 447 927 494 valde
951 447 1108 493 utilia.
1160 446 1307 493 Deus
1326 462 1414 492 vos
1435 453 1698 493 conservet
1718 452 1769 493 et
1795 444 2018 492 vivificet

363 796 401 826 60

362 1883 399 1912 10

365 2215 402 2245 15

365 2556 402 2585 20

431 530 534 569 vos,
561 519 612 560 et
638 530 741 560 non
759 514 928 561 tradat
953 530 1042 560 vos
1068 513 1119 560 in
1149 529 1332 559 manus
1361 512 1684 560 inimicorum
1711 518 2012 560 vestrorum.

430 580 504 627 Et
520 580 649 627 sicut
665 580 788 628 dicit
805 580 1080 627 Psalmista
1098 597 1107 627 :
1147 587 1174 605 “
1193 579 1410 626 Tribuat
1429 579 1570 627 vobis
1589 579 1826 627 dominus
1842 595 2018 626 secun-

429 647 555 694 dum
572 664 656 694 cor
674 653 919 702 vestrum,
940 654 992 694 et
1006 663 1159 694 omne
1180 646 1446 694 consilium
1462 653 1689 694 vestrum
1706 646 2019 693 confirmet.”

430 713 504 761 Et
522 730 610 761 vos
627 714 782 761 etiam
808 713 1034 761 scribatis
1051 712 1176 761 mihi
1196 714 1258 760 de
1276 713 1424 761 factis
1443 714 1638 770 vestris,
1664 714 1785 777 quia
1802 713 2020 760 libenter

430 781 595 836 audio,
621 788 673 828 et
698 781 845 828 video
871 781 994 844 quid
1019 780 1185 828 facitis
1213 797 1300 829 seu
1325 781 1503 844 agitis:
1542 788 1594 828 et
1620 781 1689 828 sic
1715 780 1914 827 Valete.

536 865 596 901 Ex
629 864 847 901 FRIBURGA.

1186 1067 1272 1113 IX

603 1200 665 1247 «I
703 1199 782 1246 M.
825 1198 1255 1246 CONRADUS
1284 1199 1402 1246 DE
1440 1199 1718 1247 ZUICCA
1736 1199 1788 1245 V
1783 1198 1869 1246 ΙΑ

889 1266 939 1313 S.
968 1266 1039 1312 D.
1068 1266 1147 1313 M.
1181 1266 1395 1314 Ortvino
1425 1267 1555 1314 Gra.

430 1396 683 1539 QUIA
710 1395 897 1460 legitur
916 1396 1093 1444 Ecces.
1116 1396 1219 1443 XI.
1265 1403 1293 1422 “
1313 1397 1532 1444 Laetare
1550 1395 1755 1460 juvenis
1774 1396 1825 1443 in
1852 1395 2020 1442 adole-

573 1463 766 1510 scentia
805 1464 942 1510 tua.”
1026 1464 1355 1528 Quapropter
1395 1480 1491 1527 ego
1527 1480 1663 1510 nunc
1705 1480 1819 1510 sum
1860 1463 2023 1509 laetae

431 1530 633 1585 mentis,
676 1537 728 1578 et
776 1530 973 1578 debetis
1016 1531 1139 1579 scire
1177 1531 1316 1593 quod
1359 1531 1487 1578 bene
1534 1530 1762 1578 succedit
1804 1530 1927 1577 mihi
1971 1529 2022 1576 in

431 1614 618 1653 amore,
679 1604 732 1644 et
790 1597 952 1645 habeo
1011 1597 1238 1644 multum
1297 1614 1594 1662 supponere.
1691 1597 1829 1653 Quia
1897 1596 2021 1643 dicit

431 1664 698 1712 Ezechiel:
771 1664 969 1712 “Nunc
1016 1664 1351 1712 fornicabitur
1409 1665 1459 1711 in
1507 1663 1842 1712 fornicatione
1888 1664 2024 1711 sua.⁷'

431 1730 504 1778 Et
529 1748 685 1795 quare
709 1747 812 1778 non
836 1731 1073 1778 deberem
1097 1731 1370 1795 aliquando
1395 1748 1610 1795 purgare
1633 1747 1776 1779 renes
1796 1734 1811 1779 ἓ
1847 1737 2023 1778 tamen

431 1814 534 1845 non
561 1815 674 1846 sum
700 1799 924 1862 angelus,
953 1798 1039 1845 sed
1064 1798 1234 1853 1101110,
1261 1805 1312 1846 et
1337 1798 1501 1846 omnis
1526 1799 1681 1846 homo
1707 1804 1851 1846 errat.
1914 1799 2023 1844 Vos

432 1865 588 1912 etiam
625 1865 897 1928 aliquando
935 1864 1235 1929 supponitis,
1279 1865 1514 1928 quamvis
1550 1866 1670 1914 estis
1709 1865 2021 1928 Theologus‚

432 1932 552 1995 quia
576 1949 676 1979 non
703 1933 917 1996 potestis
942 1949 1140 1996 semper
1164 1932 1300 1980 solus
1326 1933 1561 1989 dormire,
1589 1933 1871 1980 secundum
1897 1932 2024 1979 illud

433 1998 774 2047 Ecclesiastae
792 2000 951 2048 1ΙΙΙ.;
979 2006 1005 2025 ‘⁶
1019 1999 1072 2046 Si
1089 1998 1388 2046 dormierint
1405 1999 1508 2046 duo
1527 2000 1694 2054 simul,
1711 1999 2026 2047 fovebuntur

433 2072 647 2113 mutuoz
717 2083 849 2114 unus
897 2072 1071 2113 autem
1122 2067 1383 2129 quomodo
1431 2066 1705 2114 calefiet?'’
1799 2066 2024 2122 Quando

434 2133 649 2180 scribitis
692 2133 815 2181 mihi
852 2134 977 2196 quid
1018 2133 1142 2180 facit
1179 2139 1345 2181 vestla
1381 2133 1602 2182 amasia?
1673 2133 1854 2197 Nuper
1895 2132 2026 2180 dixit

434 2199 560 2247 mihi
584 2216 715 2247 unus
741 2201 878 2263 quod
902 2200 1144 2263 quando
1133 2217 1238 2264 lpse
1274 2200 1373 2247 fuit
1412 2201 1671 2255 Coloniae,
1697 2206 1823 2248 tunc
1858 2200 2026 2247 fuistis

433 2266 485 2314 in
510 2266 618 2313 rixa
642 2283 759 2314 cum
785 2268 892 2331 ipsa
928 2274 979 2315 et
1015 2284 1103 2331 pei
1107 2267 1328 2314 6115515115
1362 2284 1490 2324 eam,
1516 2267 1636 2331 quia
1670 2267 1893 2315 fortassis
1922 2283 2027 2314 non

434 2334 556 2381 fecit
604 2334 885 2381 secundum
933 2334 1225 2398 opinionem
1274 2340 1509 2382 erstiam
1605 2335 1679 2382 Et
1729 2351 1825 2398 ego
1872 2335 2027 2381 miror

434 2417 589 2463 quare
625 2402 839 2465 potestis
878 2401 949 2448 ita
989 2401 1255 2465 pulchram
1291 2402 1560 2449 mulierem
1594 2409 1888 2466 percutere.
1931 2417 2026 2464 ego

434 2467 609 2516 fleiem
635 2469 674 2514 si
699 2468 952 2515 vider:em
989 2468 1161 2532 potius
1186 2468 1382 2515 debetis
1407 2469 1573 2516 dicere
1597 2469 1736 2531 quod
1755 2485 1859 2515 non
1874 2467 2027 2515 faciat

435 2535 668 2599 amplius,
693 2541 818 2582 tunc
843 2534 950 2598 ipsa
975 2535 1271 2582 emendaret
1296 2551 1363 2591 56,
1389 2542 1442 2582 et
1465 2536 1528 2582 de
1552 2541 1703 2583 nocte
1728 2540 1858 2582 esset
1886 2534 2027 2582 vobis

435 2601 758 2649 amicabilior.
848 2602 1046 2649 'lamen
1081 2601 1286 2663 quando
1333 2602 1527 2666 legistis
1568 2602 1714 2649 nobis
1764 2601 2026 2656 Ovidium,

434 2668 632 2716 dixistis
679 2669 824 2716 nobis
882 2669 1021 2731 quod
1068 2668 1210 2715 nullo
1258 2669 1411 2715 modo
1471 2669 1715 2716 debemus
1762 2675 2027 2732 percutere

480 2805 508 2824 ⁵5
534 2808 642 2848 Deus,
663 2805 726 2839 &c
745 2817 753 2839 :
782 2803 901 2839 l'salm
919 2803 981 2838 xli.
1000 2805 1032 2837 2.
1266 2803 1374 2847 phets
1391 2804 1432 2837 of
1446 2803 1626 2837 Zwickau.
1677 2803 1805 2837 Hence
1822 2804 2029 2848 originated

480 2852 506 2870 ⁵⁷
534 2854 626 2886 Psal.
643 2865 654 2887 .·
679 2865 738 2886 xx.
760 2855 792 2886 4.
1266 2850 1330 2884 the
1348 2855 1457 2884 worst
1474 2849 1594 2884 follies
1611 2850 1682 2883 and
1700 2850 1969 2884 abominations
1992 2851 2034 2885 of

482 2899 494 2917 ¹
518 2901 724 2933 Zaira-avia:
765 2898 948 2940 Zwickau,
983 2909 1004 2930 a
1045 2898 1119 2941 city
1161 2896 1203 2929 of
1266 2896 1777 2942 Anabaptisrn,culminating
1790 2898 1826 2930 in
1838 2897 2031 2932 1116651111)-

436 2947 596 2990 Saxony,
637 2946 748 2980 about
791 2947 836 2979 80
877 2945 982 2979 miles
1023 2944 1109 2977 SW.
1160 2944 1202 2977 of
1266 2943 1443 2978 lislnnent
1456 2944 1497 2977 of
1507 2944 1570 2978 the
1584 2944 1671 2978 New
1687 2944 1776 2977 Zion
1790 2949 1829 2978 at
1843 2944 2027 2987 Minister,

436 2993 615 3026 Dresden.
664 2993 707 3026 ln
741 2993 830 3026 1520
855 2992 1014 3025 Thomas
1042 2991 1198 3025 Miinzer
1266 2991 1338 3024 and
1364 2991 1427 3024 the
1455 2990 1615 3024 ruthless
1640 2991 1874 3036 suppression
1900 2991 1942 3025 of
1964 2992 2029 3026 the

434 3051 505 3072 was
527 3040 725 3083 appointed
750 3044 872 3085 pastor
896 3039 1016 3081 there,
1035 3038 1107 3071 and
1132 3042 1198 3083 put
1267 3038 1388 3071 mania
1406 3037 1452 3082 by
1469 3038 1594 3071 111-111611
1612 3038 1711 3071 force
1729 3039 1765 3071 in
1787 3039 1888 3072 1535.

435 3085 587 3120 himself
614 3090 652 3119 at
685 3086 748 3119 the
782 3086 875 3120 head
909 3086 950 3119 of
977 3098 998 3118 a
1031 3084 1127 3118 band
1161 3086 1203 3118 of
1328 3083 1339 3102 ⁷
1367 3086 1521 3118 sabech..-
1548 3084 1655 3118 Ezek.
1675 3085 1774 3118 xxiii.
1792 3087 1849 3120 43.

435 3133 598 3167 frenzied
623 3133 778 3166 fanatics
804 3133 938 3166 known
963 3144 1001 3166 as
1026 3132 1090 3166 the
1117 3143 1198 3177 p10-
1315 3129 1342 3150 ¹²
1369 3133 1491 3166 Eoo-les.
1508 3143 1520 3165 .·
1545 3131 1643 3166 Eccl.
1666 3132 1711 3165 iv.
1733 3132 1785 3166 11.

1199 3193 1261 3235 26
