2247 3637
250 257 302 296 11.
326 256 396 307 31]
605 241 1054 299 ALBERTUS
1109 239 1506 297 STRUNCK

249 354 667 410 Mathematicus,
710 361 763 403 et
809 354 846 401 Ι.
889 351 1246 416 Cuspinianus‚
1289 350 1377 413 qui
1415 356 1492 397 est
1534 347 1747 396 servitor
1793 351 1845 393 et

249 422 561 471 consiliarius
599 420 838 469 Caesaris.
913 419 988 467 Et
1022 418 1233 482 quidam
1269 416 1357 479 qui
1384 421 1595 463 vocatur
1619 414 1845 461 Thomas

250 490 438 545 Resch‚
464 496 520 537 et
553 489 731 537 Simon
765 487 965 540 LasiuS‚
991 485 1078 549 qui
1112 491 1190 532 est
1223 482 1564 547 compatriota
1595 483 1669 529 Io.
1699 481 1763 528 R.
1793 486 1845 527 et

248 557 331 605 alii
367 556 532 604 multi.
608 556 707 603 Sed
747 553 996 618 Magister
1032 558 1206 599 noster
1242 550 1519 598 Heckman
1556 555 1634 596 est
1670 548 1733 595 de
1766 547 1848 594 via

250 631 450 679 nostra3
488 630 541 671 et
577 623 708 670 dixit
744 622 883 686 quod
919 619 1120 668 tenebit
1149 635 1266 666 cum
1293 615 1571 679 Theologis
1597 630 1756 678 usque
1782 614 1846 661 ad

249 692 405 739 finem
442 690 577 738 vitae
619 706 752 738 suae.
834 689 951 752 Ipse
989 687 1145 735 etiam
1182 685 1409 732 multum
1447 683 1637 731 salutat
1662 698 1769 736 vos,
1794 687 1848 729 et

253 760 325 806 Io.
359 757 510 805 Pfeff.
577 757 625 803 V
629 757 775 804 alete.
849 756 1053 802 Datum
1077 753 1130 801 in
1155 753 1372 800 Vienna.
1437 752 1636 798 Iterum
1664 748 1847 795 Valete

248 831 357 873 tam
382 824 471 872 diu
496 824 659 872 donec
685 822 1009 872 Pfefferkorn
1035 827 1210 868 manet
1237 818 1571 867 Christianus.

948 1152 1153 1199 XXXI

578 1299 641 1347 ΙΙ
678 1297 956 1344 ALBER
968 1296 1119 1344 TUS
1149 1294 1297 1342 STR
1309 1291 1531 1341 UNCK

658 1365 737 1412 M.
784 1364 1004 1412 Ortvino
1045 1362 1236 1411 Gratio
1274 1361 1431 1408 Daue

374 1507 996 1558 EVERENTIALEM
1061 1504 1408 1554 obedientiam
1467 1504 1580 1551 loco
1646 1501 1850 1550 Salutis.

419 1576 739 1625 Venerabilis
781 1573 988 1623 domine
1036 1573 1301 1638 Magister.
1391 1571 1543 1635 Rogo
1590 1585 1680 1617 vos
1728 1570 1852 1617 Cor-

251 1635 427 1693 dialitO
455 1650 709 1708 quatenus
739 1641 908 1690 velitis
936 1641 1062 1689 mihi
1091 1640 1370 1704 indulgere,
1397 1638 1536 1701 quod
1561 1653 1665 1683 non
1692 1637 1854 1684 scribo

252 1712 394 1761 vobis
436 1728 601 1776 saepe,
638 1710 758 1774 quia
799 1715 876 1757 est
918 1725 1008 1773 per
1047 1708 1203 1756 deum
1246 1707 1318 1754 ita
1359 1721 1577 1769 magnus
1615 1704 1767 1752 Calor
1803 1704 1855 1750 in

252 1780 440 1836 Roma,
469 1779 612 1842 quod
638 1794 770 1826 unus
795 1793 899 1824 non
924 1782 1097 1842 potest
1120 1775 1192 1822 ire
1217 1775 1268 1822 in
1293 1772 1474 1838 plateis
1499 1772 1581 1820 vel
1605 1771 1779 1820 sedere
1802 1770 1855 1818 in

251 1847 437 1894 domo:
475 1846 548 1893 Et
578 1862 682 1893 non
718 1860 927 1910 possum
964 1843 1180 1891 scribere
1216 1840 1407 1906 aliquid
1433 1839 1515 1887 vel
1550 1855 1857 1904 componere

251 1930 370 1980 prae
411 1913 606 1962 Calore.
695 1912 797 1962 Sed
838 1927 928 1959 vos
970 1911 1107 1959 scitis
1149 1909 1289 1974 quod
1332 1915 1408 1956 est
1451 1923 1668 1970 magnus
1715 1906 1858 1954 labor

251 1982 417 2030 facere
452 1980 771 2035 dictaminas,
797 1985 849 2027 et
887 1978 1084 2026 dixistis
1121 1977 1247 2024 mihi
1282 1977 1334 2024 in
1372 1975 1603 2029 Colonia,
1628 1974 1767 2037 quod
1803 1973 1857 2021 in

252 2055 451 2113 septem
481 2047 661 2096 diebus
687 2048 772 2095 vix
802 2046 968 2094 facitis
1001 2062 1166 2094 unum
1202 2045 1398 2092 bonum
1434 2042 1706 2090 dictamen.
1781 2040 1856 2088 Et

252 2115 508 2180 allegastis
534 2114 659 2162 mihi
688 2114 967 2162 Horatium
992 2112 1180 2167 dicens,
1206 2111 1345 2176 quod
1376 2110 1491 2158 talis
1523 2114 1676 2173 poeta
1706 2108 1858 2156 docet

252 2183 392 2247 quod
416 2199 603 2230 novem
628 2198 787 2230 annos
820 2181 1066 2229 debemus
1098 2194 1397 2227 consumere
1429 2176 1661 2225 faciendo
1690 2191 1856 2222 unum

254 2251 450 2297 bonum
486 2249 759 2297 dictamen.
833 2247 907 2296 Et
944 2247 1094 2295 credo
1134 2246 1273 2311 quod
1315 2246 1384 2293 sic
1427 2251 1505 2293 est
1546 2242 1852 2291 faciendum.

255 2317 395 2373 Quia
441 2322 646 2381 oportet
688 2332 795 2364 esse
837 2321 1050 2362 cautum
1097 2321 1151 2362 et
1193 2314 1362 2361 videre
1410 2311 1550 2377 quod
1599 2316 1676 2359 est
1722 2310 1857 2357 bona

256 2384 563 2449 congruitas.
638 2384 710 2430 Et
736 2382 1010 2446 aliquando
1039 2399 1142 2430 non
1173 2387 1251 2429 est
1282 2380 1402 2427 satis
1436 2379 1575 2443 quod
1611 2383 1688 2425 est
1724 2377 1857 2423 bona

254 2450 575 2516 congruitas:
624 2451 744 2514 quia
783 2449 1058 2513 requiritur
1099 2449 1254 2497 etiam
1298 2447 1526 2494 Ornatus
1573 2443 1857 2493 secundum

255 2519 441 2584 viginti
464 2524 737 2584 praecepta
772 2516 1165 2581 Elegantiarum
1202 2522 1254 2564 et
1291 2515 1514 2562 Modum
1551 2509 1857 2576 epistolandi

303 2662 331 2681 ⁵¹
351 2665 477 2705 Cusp.:
520 2661 743 2699 1473-1529.
812 2660 947 2694 Rector
987 2659 1030 2694 of
1141 2658 1168 2677 ¹²
1188 2661 1338 2693 Horat.:

257 2709 402 2744 Vienna
421 2709 526 2743 Univ.
544 2710 583 2742 in
606 2709 706 2742 1500.
757 2707 824 2741 See
842 2708 878 2740 ii.
896 2710 927 2741 9.

304 2755 333 2774 ⁵³
350 2758 459 2790 Besch
470 2768 482 2790 .·
512 2755 698 2789 Latinised
728 2766 766 2788 as
792 2753 1023 2788 Velocianus.
1189 2729 1217 2746 α
1228 2738 1443 2772 nonumque
1459 2729 1649 2772 prematur
1665 2725 1703 2757 in
1720 2734 1859 2757 annum

1094 2775 1322 2811 Membranis
1340 2775 1442 2808 intus
1460 2771 1620 2818 positis.’'

258 2804 395 2885 Ilt5elc⁴lcor
412 2803 453 2837 of
469 2802 613 2837 Vienna
639 2801 746 2836 Univ.
771 2802 809 2834 in
839 2802 928 2835 1509
953 2801 1025 2834 and
1517 2823 1591 2853 Ars
1608 2820 1714 2861 poet„
1731 2818 1811 2852 383.

305 2895 334 2915 ⁵³
352 2898 501 2930 Lasius:
526 2907 567 2929 01·
593 2896 734 2938 Lazius,
753 2895 875 2929 father
900 2895 941 2929 of
961 2894 1026 2929 the
1141 2891 1168 2911 ¹⁸
1186 2894 1342 2935 Eleyant.
1393 2890 1598 2923 Seveuteen
1632 2887 1790 2922 editions
1823 2886 1866 2921 of

258 2945 453 2986 historiali,
474 2942 675 2987 &Volfgang
695 2943 731 2975 L.
1095 2941 1356 2982 Eleyautiartmz
1408 2937 1530 2979 *viyinti
1574 2938 1759 2978 praecepta
1799 2945 1861 2968 are

306 2990 336 3009 ⁵⁴
353 2991 495 3024 Heckm.
547 2990 615 3023 See
632 2990 668 3022 ii.
687 2991 718 3022 9.
1094 2986 1205 3020 noted
1235 2985 1283 3030 by
1310 2984 1406 3017 Hain
1435 2981 1701 3027 (6561-6577);
1730 2980 1861 3016 twelve

308 3037 320 3056 ¹
338 3038 514 3071 Strumk:
541 3035 739 3081 “stump‚’'
764 3047 823 3079 aq.
842 3035 884 3069 of
904 3047 923 3068 a
945 3035 1027 3068 cab·
1093 3045 1155 3067 are
1173 3034 1211 3066 in
1230 3032 1293 3066 the
1310 3031 1402 3064 Brit.
1423 3029 1518 3064 Mus.
1561 3028 1625 3063 All
1643 3041 1706 3063 are
1722 3040 1862 3073 anony-

261 3086 389 3165 bag’cgl.
410 3135 424 3165 t
486 3131 508 3164 S
573 3130 594 3137 ..
629 3130 645 3163 1
1093 3077 1374 3159 Πὶοὲιξ,1ὺὲιῐ1ῐὶ1ε
1388 3077 1489 3111 work
1503 3077 1532 3111 is
1546 3076 1617 3111 due
1629 3081 1668 3110 to
1683 3075 1861 3120 Aegidius

378 3143 408 3165 w
425 3156 433 3164 .
512 3141 553 3165 ee
572 3142 606 3163 ιι.
651 3156 662 3173 ,
683 3141 717 3164 η.
1095 3138 1115 3160 0
1150 3137 1220 3160 cuc
1234 3137 1247 3158 1
1267 3136 1287 3159 e
1306 3137 1340 3159 11.

1023 3188 1115 3230 201

1884 629 1922 658 55

1892 1989 1930 2018 10

1893 2323 1930 2351 15
