2912 4368
525 818 574 854 11.
607 819 668 865 1³³!
893 805 1253 860 'PHOMAS
1304 805 1736 860 KLORBIUS

527 914 725 961 Deinde
758 913 942 961 ivimus
973 915 1034 960 ad
1063 914 1395 967 Florentiam,
1421 920 1453 976 q
1485 919 1562 961 est
1591 914 1662 960 ita
1685 912 1895 977 pulchra
1921 911 2114 959 Civitas

520 981 653 1028 sicut
693 988 769 1028 est
807 981 856 1028 in
896 981 1103 1028 mundo.
1178 980 1252 1028 Et
1288 987 1465 1044 postea
1509 981 1710 1034 Senam,
1755 980 1842 1026 ubi
1885 985 1962 1026 cst
2002 978 2112 1025 uni-

523 1048 744 1103 versitas,
779 1048 864 1094 sed
897 1055 1016 1095 sunt
1046 1048 1191 1111 pauci
1225 1047 1487 1109 Theologi.
1562 1047 1751 1093 Postea
1783 1052 1902 1093 sunt
1931 1062 2114 1109 parvae

519 1115 786 1169 Civitates,
825 1121 876 1162 et
915 1131 1014 1161 una
1057 1121 1268 1162 vocatur
1305 1113 1710 1161 Monteflascon:
1765 1113 1844 1159 Ibi
1893 1112 2114 1160 bibimus

518 1182 775 1245 optimum
802 1181 995 1233 vinum,
1023 1182 1170 1245 quale
1200 1198 1302 1229 non
1341 1181 1441 1228 bibi
1481 1181 1529 1228 in
1567 1180 1672 1228 vita
1705 1196 1847 1227 inea:
1886 1186 1938 1227 et
1963 1180 2114 1226 inter-

519 1248 690 1310 rogavi
729 1248 981 1311 hospitem
1026 1249 1285 1311 quomodo
1323 1255 1533 1296 vocatur
1568 1248 1693 1295 illud
1732 1246 1943 1294 vinum?
2014 1246 2116 1293 Re-

520 1316 726 1378 spondit
764 1315 902 1378 quod
936 1322 1013 1362 est
1044 1316 1302 1379 lachryma
1334 1314 1537 1363 Christi.
1611 1315 1757 1361 Tunc
1789 1313 1918 1360 dixit
1952 1313 2116 1360 socius

522 1399 692 1429 meus:
738 1382 982 1429 “utinam
1022 1382 1256 1430 Christus
1294 1382 1447 1430 vellet
1491 1382 1645 1429 etiam
1689 1381 1808 1429 flere
1856 1380 1906 1427 in
1955 1378 2117 1444 patria

522 1450 740 1496 nost1·a.''
814 1449 887 1496 Et
923 1449 991 1495 sic
1030 1449 1248 1497 bibimus
1288 1450 1473 1497 bonam
1505 1448 1824 1513 positionem.
1899 1446 1973 1494 Et
2003 1453 2119 1511 post

520 1516 646 1562 duos
695 1516 800 1563 dies
849 1516 1150 1563 intravimus
1207 1518 1443 1564 Romam.
1542 1515 1809 1563 Laudetur
1857 1515 1981 1562 deus
2029 1513 2117 1577 qui

520 1583 753 1630 liberavit
790 1600 880 1630 nos
929 1583 992 1631 de
1040 1584 1213 1631 multis
1260 1583 1676 1631 tribulationibus
1722 1597 1852 1645 quae
1900 1587 2020 1628 sunt
2067 1581 2118 1628 in

520 1656 632 1697 tota
663 1650 756 1706 via,
784 1666 982 1698 necnon
1016 1650 1067 1698 in
1094 1651 1226 1697 mala
1253 1651 1523 1714 Scarparia.
1600 1650 1701 1698 Sed
1727 1666 1862 1696 nunc
1889 1648 1939 1695 in
1966 1647 2120 1695 Curia

523 1734 624 1765 non
673 1717 902 1766 intellexi
951 1718 1118 1781 aliqua
1166 1734 1312 1772 nova,
1355 1718 1448 1765 nisi
1496 1718 1634 1781 quod
1684 1716 1786 1764 vidi
1835 1716 1915 1764 hic
1955 1731 2118 1762 unum

523 1784 735 1832 Animal
772 1786 897 1832 bene
932 1785 1001 1832 ita
1035 1801 1278 1849 magnum
1311 1786 1441 1833 sicut
1475 1791 1695 1847 quatuor
1727 1784 1860 1847 equi,
1888 1790 1940 1830 et
1964 1781 2118 1829 habet

520 1859 743 1900 rostrum
780 1851 850 1899 ita
875 1852 1090 1916 longum
1116 1852 1248 1900 sicut
1274 1869 1384 1916 ego,
1412 1860 1463 1901 et
1488 1858 1565 1899 est
1591 1850 1832 1898 mirabilis
1858 1856 2117 1897 cteatura:

521 1919 710 1974 Qusido
760 1920 877 1975 vidi,
921 1926 1045 1967 tunc
1088 1919 1222 1967 dixi:
1278 1918 1570 1966 “Mirabilis
1612 1919 1737 1966 deus
1785 1918 1835 1964 in
1884 1916 2118 1981 operibus

521 1986 666 2034 suis.”
737 1985 854 2051 Ego
896 1987 1081 2035 vellem
1123 1987 1241 2034 dare
1283 2003 1445 2033 unum
1482 1985 1732 2033 florenum
1774 1984 1912 2047 quod
1950 1984 2120 2031 videre

520 2053 774 2101 deberetis
822 2053 959 2101 illam
1009 2054 1238 2101 bestiam.
1314 2053 1414 2101 Sed
1463 2053 1612 2100 credo
1654 2068 1742 2116 per
1784 2052 1938 2098 deum
1980 2051 2118 2114 quod

522 2122 641 2168 satis
669 2122 797 2169 bene
823 2121 1058 2185 expedivi
1084 2138 1166 2168 me
1192 2120 1470 2167 scribendo.
1535 2120 1640 2166 Vos
1660 2118 1890 2166 similiter
1908 2117 2118 2174 faciatis,

525 2188 668 2235 Alias
727 2205 993 2252 nunquam
1053 2188 1194 2235 vobis
1254 2187 1486 2234 scribam.
1577 2187 1650 2234 Et
1705 2185 1870 2233 valete
1917 2185 2118 2233 saniter.

528 2257 724 2302 Datum
761 2256 945 2319 raptim
984 2256 1251 2303 Romanae
1287 2255 1483 2302 Curiae.

1245 2521 1393 2568 XIII

588 2658 650 2705 (I
697 2657 1039 2704 THOMAS
1076 2655 1491 2703 KLORBIUS
1520 2653 1712 2702 humilis
1757 2652 2055 2717 'I'leeologiae

906 2723 1079 2771 doctor
1115 2723 1192 2770 M.
1238 2723 1454 2770 Ortvino
1492 2721 1714 2770 Salutem

664 2924 805 2988 Ergo
825 2940 929 2971 non
955 2923 1152 2971 debetis
1179 2923 1304 2971 mihi
1323 2923 1510 2972 habere
1530 2940 1621 2987 pro
1641 2922 1778 2969 malo
1798 2922 1935 2986 quod
1962 2920 2121 2968 modi-

519 3010 642 3041 cum
676 2999 830 3040 teneo
856 2991 999 3039 vobis
1036 2990 1350 3055 oppositum,
1379 3007 1497 3038 cum
1523 2990 1640 3054 Ego
1676 2990 1807 3037 facio
1845 2989 1894 3036 in
1933 2988 2120 3034 bonam

516 3068 736 3124 partem.
832 3060 935 3106 Vos
978 3075 1141 3122 nuper
1183 3057 1449 3122 scripsistis
1497 3058 1547 3104 in
1590 3074 1694 3105 uno
1736 3055 2011 3104 dictamine
2059 3055 2121 3101 de

518 3145 624 3175 uno
664 3126 917 3191 Magistro
967 3132 1157 3181 nostro,
1201 3126 1339 3189 quod
1388 3131 1465 3173 est
1505 3125 1653 3172 valde
1691 3124 1891 3177 doctus,
1932 3128 1985 3169 et
2044 3128 2120 3169 est

518 2858 772 3001 QUIA
831 2857 1082 2920 scriptum
1141 2862 1220 2903 est
1273 2856 1527 2904 “vexatio
1581 2856 1670 2903 dat
1724 2854 2119 2903 intellectum”:

566 3256 605 3275 ¹⁷⁷
624 3258 834 3299 „llantcssiamf.
872 3256 1175 3293 Montefiascone,
1189 3255 1286 3289 how-
1406 3253 1447 3272 ¹⁸⁸
1474 3259 1554 3288 exea.
1569 3266 1581 3288 :
1600 3253 1656 3286 for
1673 3256 1847 3286 ereatura.

517 3315 616 3340 ever.
638 3305 815 3349 produces
834 3304 981 3337 Muscat
998 3304 1105 3345 wine,
1124 3303 1195 3336 and
1221 3307 1285 3336 not
1405 3301 1415 3319 ¹
1440 3303 1611 3334 Klnrbinx.
1663 3298 1833 3332 Allusion
1853 3297 2050 3331 unknown.

521 3352 600 3385 Lac.
633 3352 783 3393 ('ln·ist.,
810 3350 927 3384 which
960 3352 988 3384 is
1018 3362 1038 3384 a
1064 3350 1220 3395 product
1249 3350 1290 3383 of
1405 3348 1415 3366 ¹
1440 3350 1546 3381 Theos.
1581 3350 1666 3380 (lm-t.
1733 3346 1792 3378 An
1831 3344 1988 3377 unusual
2022 3344 2119 3387 title,

517 3399 581 3432 the
600 3398 718 3442 slopes
737 3398 778 3431 of
792 3397 983 3432 Vesuvius.
1358 3395 1445 3439 only
1465 3399 1541 3428 met
1562 3394 1646 3427 with
1670 3392 1757 3426 here
1775 3392 1845 3424 and
1866 3392 1903 3424 in
1927 3391 1988 3436 Ep.
2008 3392 2043 3425 ii.
2066 3393 2118 3425 18.

569 3443 611 3464 ¹⁸2
635 3447 758 3487 posia:
793 3444 849 3477 for
886 3447 963 3478 (ἔον.
997 3445 1104 3485 Sat23
1139 3448 1205 3477 not
1238 3455 1284 3477 an
1405 3441 1578 3475 ³1·e.rati0.
1641 3439 1720 3473 The
1754 3437 1913 3482 Vulgate
1946 3439 2011 3472 has
2046 3439 2122 3473 “et

523 3503 625 3526 error
644 3491 700 3524 for
714 3493 897 3533 potionem,
1359 3487 1614 3522 tantummodo
1631 3486 1707 3520 sola
1726 3486 1870 3519 vexatio
1888 3484 2119 3519 intellectum

570 3538 608 3557 ¹⁶⁷
630 3540 795 3571 Animal:
821 3538 856 3572 ii.
884 3539 941 3580 48,
971 3550 1004 3571 η.
1069 3538 1140 3571 For
1167 3549 1188 3570 a
1217 3536 1286 3570 full
1357 3536 1459 3569 dabit
1471 3533 1652 3575 auditui,’'
1669 3532 1848 3566 rendered
1863 3533 1900 3565 in
1912 3532 1976 3566 the
1993 3532 2122 3578 Douay

520 3589 681 3619 account
698 3585 740 3617 of
760 3585 835 3618 this
862 3585 1002 3618 famous
1020 3584 1209 3629 elephant,
1227 3595 1286 3617 see
1358 3583 1517 3621 version,
1538 3582 1563 3597 “
1577 3580 1747 3614 vexation
1765 3578 1872 3613 alone
1893 3578 1988 3613 shall
2014 3580 2121 3613 make

529 3634 561 3666 1..
584 3633 727 3671 Pastor,
749 3633 838 3664 [list.
865 3633 910 3672 qs
925 3633 981 3665 the
999 3633 1119 3673 Posses,
1138 3630 1206 3666 vol.
1227 3631 1284 3664 vii.
1358 3641 1428 3673 you
1449 3627 1674 3662 understand
1693 3626 1791 3659 what
1808 3638 1877 3670 you
1898 3626 2020 3661 hear.”
2072 3627 2116 3661 Is.

526 3692 555 3724 p.
578 3679 621 3713 75
641 3679 775 3721 (1908).
1359 3675 1481 3709 xxviii.
1506 3676 1556 3708 19.
1610 3674 1663 3708 (f.
1685 3674 1726 3707 A.
1748 3673 1788 3706 V.

1290 3738 1309 3777 1
1322 3738 1383 3778 (33

2150 996 2206 1025 175

2153 1328 2208 1357 180

2155 1667 2210 1695 185

2155 2001 2211 2030 190
