2247 3637
363 398 382 427 5

346 729 384 758 10

348 1062 385 1092 15

348 1400 386 1429 20

349 1734 386 1763 25

351 2408 388 2437 35

352 2749 389 2776 40

418 267 889 324 EPISTOLAE
948 267 1540 325 OBSCURORUM
1597 268 2006 325 VIRORUM

417 377 556 441 quod
575 376 742 423 adhuc
766 376 896 424 bene
921 375 1148 425 succedit
1173 377 1297 424 mihi
1322 378 1386 425 de
1408 377 1573 442 gratia
1597 377 1694 433 dei,
1713 377 1802 439 qui
1826 376 2008 425 tribuit

418 443 543 490 mihi
590 443 986 491 misericordiam
1033 460 1193 500 suam,
1242 450 1295 492 et
1345 445 1477 492 sicut
1535 443 1661 491 dicit
1720 443 2007 500 Psalmista‚

418 518 446 536 ‘⁶
464 509 749 558 Exaudivit
773 510 1012 559 dominus
1031 510 1443 576 deprecationem
1468 519 1581 558 mea
1606 510 1700 558 dns
1725 511 2009 558 orationem

416 592 585 625 meam
619 578 884 643 suscepit.’'
958 578 1096 633 Quia
1132 594 1220 625 oro
1256 578 1444 626 cotidie
1480 593 1571 641 pro
1608 578 1830 641 peccatis
1866 577 2007 633 meis,

414 650 467 693 et
499 651 621 708 peto
653 646 791 708 quod
820 644 1059 692 dominus
1092 651 1264 693 noster
1298 646 1441 693 Iesus
1471 644 1705 693 Christus
1730 643 1855 693 velit
1884 644 2009 692 mihi

415 710 670 760 custodire
689 711 913 759 animam
937 717 990 759 et
1015 727 1208 775 corpus.
1272 712 1372 759 Sed
1396 718 1571 760 tamen
1596 711 1758 775 magis
1783 711 2008 759 animam

417 778 556 835 Quia
591 795 771 843 corpus
807 785 885 826 est
919 778 1113 842 pulvis:
1155 785 1209 826 et
1244 779 1376 827 sicut
1411 779 1535 827 dicit
1571 795 1708 826 sacra
1744 778 2007 843 scriptura,

419 853 446 872 ‘⁴
468 844 646 894 Pulvis
671 862 722 893 es
747 851 799 892 et
828 844 880 892 in
905 845 1170 908 pulverem
1195 847 1459 895 reverteris
1474 846 1526 893 '':
1564 846 1663 894 etia
1695 862 1840 910 spero
1869 846 2008 909 quod

416 929 520 960 non
545 912 678 960 male
703 911 929 960 succedit
954 911 1098 959 vobis
1124 912 1263 968 Quia
1287 912 1492 976 quando
1517 929 1649 960 unus
1674 912 1830 961 habet
1858 912 2009 960 istam

415 980 635 1044 gratiam
659 996 688 1026 a
713 979 809 1026 deo
833 978 972 1042 quod
997 995 1195 1043 semper
1217 980 1447 1043 paenitet
1473 980 1534 1027 de
1563 979 1784 1044 peccatis
1814 978 1931 1036 suis,
1957 985 2010 1027 et

418 1053 530 1094 orat
558 1047 744 1094 devote
776 1046 1029 1093 orationes
1063 1062 1193 1102 suas,
1219 1045 1373 1093 etiam
1408 1047 1446 1094 si
1478 1063 1582 1094 non
1616 1062 1763 1111 saepe
1800 1045 2009 1102 ieiunat,

417 1120 543 1161 tunc
585 1113 823 1160 dominus
865 1113 989 1160 deus
1030 1129 1134 1160 non
1169 1112 1284 1161 vult
1323 1114 1463 1176 quod
1506 1114 1638 1162 male
1680 1113 1906 1161 succedit
1948 1112 2007 1161 ei.

418 1180 536 1243 Ego
562 1180 662 1227 scio
687 1180 827 1244 quod
851 1179 1007 1227 habet
1029 1179 1069 1227 is
1094 1180 1281 1227 bonam
1307 1180 1703 1236 Conscientiam,
1730 1186 1781 1228 et
1814 1196 2013 1244 semper

419 1247 538 1295 estis
567 1247 620 1294 in
645 1246 816 1294 studio
842 1246 1017 1294 volens
1042 1264 1311 1311 procurare
1338 1247 1531 1296 bonum
1556 1247 1812 1296 ecclesiae.
1874 1246 2013 1303 Quia

419 1314 520 1362 scio
540 1313 669 1362 bene
688 1315 950 1377 quomodo
975 1331 1137 1378 nuper
1161 1313 1425 1379 scripsistis
1445 1332 1608 1363 unum
1626 1315 1815 1362 librum
1836 1320 2014 1361 contra

418 1381 676 1446 quendam
696 1381 1010 1429 haereticum
1034 1383 1072 1429 Ι.
1095 1381 1352 1429 Reuchlin
1372 1388 1423 1429 et
1441 1382 1541 1429 fuit
1559 1383 1631 1430 ita
1654 1381 2014 1446 magistraliter

419 1448 722 1512 compilatus
751 1449 893 1512 quod
922 1448 1075 1496 habui
1104 1447 1493 1497 admirationem
1529 1449 1724 1497 exinde.
1799 1448 1874 1496 Et
1909 1448 2015 1496 dixi

417 1515 481 1563 ad
506 1521 668 1563 unum
695 1533 951 1565 cursorem
975 1516 1037 1563 de
1062 1515 1236 1563 ordine
1260 1516 1667 1580 praedicatorum
1686 1516 1775 1580 qui
1801 1515 2014 1563 circum-

419 1582 644 1647 portavit
679 1583 837 1630 talem
878 1583 1095 1631 librum:
1145 1582 1308 1646 “Ego
1351 1584 1500 1632 credo
1542 1583 1679 1647 quod
1722 1584 1817 1631 iste
1859 1582 2014 1630 homo

419 1649 574 1698 habet
605 1651 708 1697 duo
741 1651 922 1714 capita,
947 1650 1086 1714 quod
1116 1656 1287 1714 potest
1324 1650 1394 1697 ita
1429 1650 1703 1698 scientifice
1739 1650 2015 1716 practicare

421 1733 578 1765 unam
633 1718 783 1764 rem.”
873 1717 975 1765 Sed
1026 1716 1257 1765 intellexi
1309 1717 1466 1765 etiam
1522 1718 1585 1764 ab
1638 1717 1724 1765 illo
1780 1718 2014 1771 Cursore,

420 1784 558 1848 quod
584 1783 800 1832 scribitis
826 1790 1179 1832 commentum
1205 1800 1355 1848 super
1378 1784 1565 1832 librum
1591 1784 1829 1848 Magistri
1858 1784 2015 1832 nostri

420 1851 642 1898 Arnoldi
661 1851 723 1898 de
743 1851 971 1915 'l'ungari
989 1868 1145 1915 quem
1165 1851 1475 1899 articulatim
1502 1851 1791 1916 composuit
1816 1851 1879 1899 de
1903 1867 2015 1915 pro-

419 1917 755 1982 positionibus
791 1918 1177 1967 haereticalibus
1215 1918 1420 1982 Speculi
1457 1918 1702 1966 Ocularis.
1789 1918 2016 1966 Mittatis

419 1984 545 2032 mihi
581 1985 786 2048 quaudo
822 1991 899 2033 est
935 1985 1220 2050 perfectum
1261 1985 1363 2033 tale
1406 1986 1790 2034 Commentum.
1877 1984 2017 2041 Quia

349 2076 355 2102 2
420 2052 523 2099 scio
564 2052 703 2115 quod
743 2052 1080 2117 proculdubio
1121 2052 1216 2099 erit
1258 2053 1501 2109 mirabile,
1545 2069 1804 2117 exponens
1846 2051 2019 2099 omnia

420 2126 738 2183 argumenta,
766 2126 818 2167 et
850 2119 1096 2167 notabilia
1128 2126 1182 2167 et
1213 2119 1581 2184 propositiones
1615 2120 1689 2167 Et
1723 2118 2016 2167 Coclusioes

421 2192 472 2235 et
521 2185 776 2242 corolaria,
824 2203 955 2251 quae
1001 2186 1150 2251 pauci
1208 2186 1338 2234 bene
1395 2186 1707 2251 intelligunt,
1755 2186 1876 2250 quia
1935 2185 2018 2234 ille

422 2252 673 2317 Magister
696 2259 869 2301 noster
893 2259 969 2301 est
998 2253 1148 2302 nimis
1184 2253 1384 2302 subtilis
1420 2254 1471 2302 in
1508 2253 1705 2318 scriptis
1742 2253 1859 2309 suiS,
1886 2252 2017 2301 sicut

423 2320 765 2368 communiter
806 2320 1121 2369 Albertistae
1158 2320 1209 2367 in
1246 2321 1328 2368 via
1364 2338 1466 2369 sua.
1542 2321 1643 2368 Sed
1680 2337 1782 2368 non
1820 2320 2017 2369 debetis

422 2386 547 2434 mihi
572 2403 662 2451 pro
689 2387 825 2434 malo
855 2388 1039 2435 habere
1069 2388 1209 2451 quod
1242 2387 1395 2435 laudo
1427 2388 1753 2443 AlbertistaS,
1781 2404 1899 2435 cum
1926 2402 2016 2435 vos

422 2453 542 2502 estis
590 2454 874 2511 Thomista‚
918 2455 1037 2518 quia
1083 2471 1187 2502 non
1234 2461 1310 2502 est
1358 2471 1544 2519 magna
1591 2455 1894 2509 differentia,
1943 2453 2017 2501 Et

422 2521 648 2570 multum
685 2521 994 2569 concordant
1030 2522 1082 2569 in
1117 2521 1385 2585 aliquibus.
1460 2522 1561 2569 Sed
1597 2523 1778 2569 doctor
1812 2527 2018 2568 sanctus

422 2594 501 2636 est
541 2588 856 2652 profundior,
899 2595 951 2636 et
993 2588 1088 2636 hoc
1132 2588 1284 2636 habet
1327 2605 1389 2636 ex
1439 2588 1643 2652 speciali
1690 2587 2018 2652 inspiratione

425 2655 807 2719 Spiritussancti
826 2673 836 2703 ε
866 2662 1178 2720 quapropter
1197 2655 1358 2704 etiam.
1370 2655 1558 2703 dicitur
1576 2655 1778 2703 Doctor
1796 2661 2018 2711 sanctus,

423 2723 657 2786 quamvis
682 2722 939 2771 Reuchlin
964 2739 1067 2770 non
1092 2728 1244 2770 vocat
1269 2739 1388 2769 eum
1419 2721 1487 2770 sic
1517 2721 1568 2770 in
1604 2721 1705 2770 suis
1742 2722 2017 2786 scripturis,

422 2796 475 2837 et
498 2796 765 2854 propterea
790 2796 867 2838 est
891 2789 1172 2838 haereticus
1196 2795 1248 2837 et
1274 2795 1480 2837 maneat
1506 2788 1556 2836 in
1581 2789 1789 2837 nomine
1814 2788 2015 2837 diaboli.

485 2907 497 2925 ⁰
520 2911 633 2944 mal..-
659 2910 703 2943 vi.
725 2910 777 2943 lO⁴
1303 2906 1327 2925 ²⁷
1346 2910 1519 2943 Arnoldi:
1552 2908 1617 2943 the
1647 2911 1801 2943 Articuli
1829 2911 1899 2943 siz-e
1931 2910 2017 2942 Pro-

472 2956 497 2974 ¹¹
514 2959 631 2999 script.
646 2968 658 2991 .·
683 2957 773 2990 Gen.
794 2957 845 2990 iii.
867 2957 919 2992 19.
1253 2957 1439 2998 positiones
1463 2979 1472 2989 .
1501 2982 1509 2990 .
1535 2982 1543 2990 .
1569 2968 1612 2990 ew
1630 2957 1736 2990 libello
1761 2981 1769 2990 .
1798 2982 1805 2991 .
1834 2980 1841 2988 .
1868 2957 2019 2989 Joannis-

471 3001 497 3020 ¹⁹
515 3004 665 3038 librum:
698 3006 751 3037 1213.
783 3003 848 3038 the
876 3003 986 3045 book,
1018 3002 1116 3048 publ.
1148 3003 1186 3037 in
1261 3003 1425 3035 lx'euclzlin
1448 3029 1455 3037 .
1484 3028 1491 3037 .
1518 3028 1526 3037 .
1550 3007 1734 3037 curm-tae.
1776 3004 2018 3036 (alumnuma-

428 3051 532 3087 1514,
571 3062 597 3083 s.
628 3052 665 3093 A,
701 3049 846 3096 usually
881 3051 1014 3084 known
1048 3063 1087 3084 as
1123 3049 1187 3084 the
1256 3050 1406 3082 tionibus
1431 3075 1438 3083 .
1465 3074 1473 3082 .
1503 3075 1510 3083 .
1536 3051 1741 3084 ,irumlrlide
1757 3051 1912 3093 Τηημανί
1937 3076 1945 3084 .
1973 3075 1980 3082 .
2009 3075 2016 3083 .

423 3098 715 3130 Pracuotamenta
729 3099 873 3131 (lrtwiui
887 3091 1188 3141 (v'ratii‚di1·ecte‹1
1256 3096 1352 3137 Aug.
1371 3095 1430 3137 28,
1453 3097 1555 3139 1512,
1573 3108 1598 3130 s.
1620 3098 1639 3129 l.

424 3143 569 3187 against
584 3143 648 3177 the
666 3146 922 3187 ⁴·lztyenspieycl.
1304 3142 1330 3160 ³⁴
1348 3146 1374 3175 Α
1384 3145 1477 3177 (bert.
1490 3155 1501 3177 :
1527 3144 1547 3176 i.
1571 3144 1626 3187 13,
1646 3155 1680 3177 η.

1191 3203 1285 3245 156
