2247 3637
230 224 284 262 11.
307 224 376 274 46]
464 211 934 270 CUNRADUS
990 209 1285 267 UNCIOE
1300 208 1593 266 BUNCK

229 323 382 370 tistae
413 321 592 369 dicunt
621 321 759 384 quod
798 319 1015 368 Galaxia
1047 325 1124 367 est
1157 325 1367 365 naturae
1394 318 1650 373 caelestis;
1688 317 1824 364 Tho·
1863 339 1901 369 25

232 390 414 437 mistae
456 389 635 435 dicunt
677 388 815 451 quod
859 386 1075 434 Gal-axia
1115 392 1192 434 est
1233 391 1445 432 naturae
1488 384 1822 432 elementaris

235 456 336 504 Sed
361 473 465 503 non
490 455 716 503 multum
741 456 895 502 refert
919 454 987 501 sic
1013 453 1093 502 vel
1119 453 1187 500 sic
1212 458 1400 507 tenere,
1427 452 1552 498 dum
1581 452 1737 499 modo
1763 451 1828 498 sit

232 523 412 586 aliquis
454 522 749 585 Antiquus:
787 528 840 569 et
883 521 999 569 volo
1041 520 1179 585 quod
1220 519 1315 567 iste
1354 518 1552 566 iuvenis
1593 518 1829 566 comedat

234 591 285 637 in
330 591 493 646 bursa,
531 596 584 637 et
619 589 757 651 quod
798 588 1014 636 teneatis
1056 604 1175 635 eum
1212 587 1306 634 sub
1342 586 1523 649 rigore,
1561 602 1624 633 ne
1662 590 1829 633 currat

234 656 456 705 exterius
489 656 695 720 quando
727 656 821 704 sibi
857 656 1038 719 placet.
1111 654 1184 701 Et
1216 653 1422 717 quando
1451 652 1574 699 facit
1607 652 1830 716 aliquem
1866 670 1904 699 30

236 740 517 778 excessum,
561 723 692 770 detis
739 722 784 770 ei
832 723 1166 787 disciplinam.
1241 720 1379 776 Quia
1426 719 1661 768 scribitur
1708 720 1832 765 Pro-

238 791 372 838 verb'
401 790 645 838 ‚XXIIL
720 789 888 837 “Noli
922 789 1218 837 subtrahere
1242 805 1270 834 a
1296 805 1453 852 puero
1479 786 1799 850 disciplinam
1823 802 1832 833 :

237 858 277 906 si
313 858 614 921 percusseris
648 874 766 904 eum
794 857 950 921 virga,
977 873 1081 904 non
1109 855 1369 903 morietur.
1443 855 1524 901 Tu
1551 854 1693 917 virga
1721 869 1834 918 per—

238 925 398 973 cuties
429 941 564 979 eum,
591 930 642 972 et
675 924 899 971 animam
932 923 1037 971 eius
1075 923 1137 970 de
1171 923 1380 970 Inferno
1413 920 1690 969 liberabis.⁷’
1761 920 1836 967 Et

237 991 455 1040 teneatis
514 1008 634 1038 eum
694 992 745 1037 in
805 990 1175 1038 consuetudine
1233 990 1372 1053 quod
1431 1004 1630 1052 semper
1678 988 1837 1035 intrat
1872 1002 1909 1032 35

238 1058 612 1123 disputationes
661 1059 898 1114 bursales‚
942 1064 994 1105 et
1042 1057 1181 1122 quod
1228 1073 1332 1104 non
1373 1055 1546 1103 visitat
1594 1055 1836 1102 lectiones

241 1126 463 1174 Caesarii
500 1126 581 1173 vel
622 1125 839 1173 aliorum
886 1132 1168 1190 poetarum.
1244 1124 1460 1171 Gaudeo
1503 1123 1640 1187 quod
1684 1121 1838 1185 scrip-

240 1194 372 1242 sistis
410 1192 535 1240 mihi
576 1193 715 1256 quod
755 1193 1006 1240 Buschius
1042 1208 1144 1239 non
1186 1198 1264 1239 est
1304 1190 1521 1255 amplius
1561 1189 1836 1237 Coloniae:

240 1262 360 1325 quia
401 1260 508 1324 ipse
554 1260 653 1307 fuit
702 1277 949 1323 magnum
996 1258 1427 1323 impedimentum
1475 1257 1837 1311 universitatis,

242 1329 487 1376 seducens
524 1328 786 1392 supposita
828 1344 945 1375 cum
982 1344 1073 1374 sua
1108 1325 1319 1390 poetria.
1395 1325 1529 1372 Sunt
1564 1324 1646 1371 hic
1683 1324 1839 1372 etiam
1876 1342 1914 1371 40

242 1396 345 1443 duo
381 1401 578 1459 poetae,
613 1395 858 1442 Eobanus
897 1394 1096 1441 Hessus
1132 1399 1185 1441 et
1220 1391 1456 1440 Petreius
1486 1391 1840 1455 Aperbachus,

241 1462 331 1526 qui
355 1468 476 1509 sunt
499 1461 694 1509 inimici
719 1461 820 1509 mei
841 1481 848 1510 :
883 1461 967 1508 sed
990 1477 1086 1524 ego
1104 1477 1207 1507 non
1228 1476 1348 1506 curo
1367 1475 1466 1506 eos.
1529 1458 1842 1522 Ubicunque

242 1530 419 1577 vident
461 1545 560 1585 me,
598 1529 883 1592 loquuntur
929 1528 991 1575 de
1035 1544 1186 1575 causa
1229 1526 1436 1573 Iohar'iis
1478 1525 1751 1580 Reuchlin,
1791 1531 1842 1572 et

243 1598 368 1645 dant
405 1597 451 1644 ei
485 1602 685 1644 rectum
721 1603 773 1643 et
810 1595 1162 1659 obloquuntur
1193 1592 1497 1657 Theologis:
1537 1609 1632 1656 ego
1669 1599 1843 1640 autem

242 1671 406 1719 taceo,
443 1663 680 1727 quamvis
716 1679 878 1727 nuper
915 1662 1049 1709 dixi:
1091 1661 1393 1708 “Iohannes
1430 1659 1541 1707 Pfe.
1582 1660 1711 1708 bene
1749 1658 1843 1707 scit
1880 1677 1917 1705 45

245 1732 290 1781 ei
339 1731 505 1779 dicere
552 1730 715 1795 qualis
763 1730 916 1778 est:’'
973 1736 1026 1777 et
1078 1728 1277 1776 ostendi
1331 1727 1400 1775 eis
1453 1727 1641 1774 librum
1688 1726 1845 1791 ipsius

244 1799 332 1863 qui
368 1798 665 1846 intitulatur
695 1796 991 1845 “Defensio
1025 1795 1269 1843 Iohannis
1304 1794 1628 1842 Pfefferkorn
1670 1800 1847 1841 contra

245 1866 536 1921 FainosaS‚”
560 1872 614 1913 et
649 1865 719 1912 sic
755 1864 903 1912 abivi.
977 1865 1088 1911 Det
1125 1862 1363 1911 dominus
1400 1862 1540 1917 deuS‚
1567 1862 1706 1925 quod
1741 1877 1847 1908 sen-

244 1933 408 1981 tentia
444 1933 599 1980 vadat
630 1948 722 1996 pro
755 1932 914 1986 vobis,
946 1931 1068 1978 alias
1103 1931 1188 1979 isti
1223 1935 1405 1994 poetae
1440 1929 1666 1976 facerent
1702 1928 1848 1976 nobis

245 2018 434 2064 magna
484 2000 679 2047 frivola.
779 2000 880 2047 Sed
935 1998 1164 2046 habeatis
1212 1997 1356 2045 vobis
1410 1996 1555 2043 illum
1610 1996 1848 2043 iuvenem
1883 2011 1920 2040 50

247 2067 668 2116 commendatum
694 2072 746 2114 et
772 2067 1015 2114 Valeatis.
1090 2066 1294 2113 Datum
1320 2063 1603 2111 Erfordiae.

955 2333 1145 2380 XLVI

417 2472 479 2519 (I
528 2470 608 2518 Μ.
653 2470 1088 2519 CLEVRADUS
1139 2468 1468 2516 UNCKEB
1478 2465 1702 2514 UNCK

610 2538 689 2585 M.
734 2537 949 2585 Ortvino
991 2536 1180 2584 Gratio
1217 2536 1268 2583 S.
1308 2536 1370 2582 P.
1410 2535 1481 2582 D.

253 2681 280 2699 “
412 2674 445 2721 S
494 2674 687 2721 habent
734 2680 786 2721 et
833 2690 937 2720 non
985 2672 1292 2736 loquentur;
1341 2669 1518 2717 oculos
1564 2668 1756 2715 habent
1797 2673 1850 2715 et

442 2758 547 2788 non
588 2740 867 2796 videbunt3
909 2740 1080 2787 Aures
1121 2739 1313 2786 habent
1355 2743 1407 2784 et
1450 2752 1551 2782 non
1594 2735 1851 2782 audient.”

252 2806 540 2855 Psalmista.
615 2808 762 2855 Haec
802 2807 956 2855 verba
993 2811 1207 2872 possunt
1247 2805 1315 2851 sic
1355 2802 1611 2851 introduci
1651 2808 1701 2849 et
1740 2801 1851 2849 the·
1888 2822 1906 2851 5

300 2908 328 2927 ²⁵
356 2909 530 2941 Galama.-
558 2909 756 2950 Tractatus,
775 2912 817 2941 ut
835 2919 928 2952 sup„
952 2906 1015 2941 fol.
1136 2904 1163 2922 ⁴1
1189 2905 1379 2947 Aperbaeh.
1395 2915 1406 2936 .·
1433 2902 1541 2936 Peter
1568 2901 1772 2945 Eberbach,
1800 2903 1848 2935 ob.

250 2955 312 2989 xii.
1090 2951 1202 2992 15323
1221 2962 1291 2985 one
1308 2951 1350 2984 of
1362 2950 1426 2983 the
1446 2949 1575 2983 Erfurt
1591 2948 1712 2984 circle.

300 3000 325 3019 ³⁷
355 3003 521 3036 Caesarii.
572 3001 641 3035 See
658 3002 678 3035 i.
700 3000 757 3044 33,
778 3013 810 3036 n.
1137 2998 1149 3017 1
1179 2999 1288 3032 [ἦα-Κ.
1339 2997 1406 3030 See
1424 2997 1457 3029 ii.
1480 2997 1534 3030 19.

301 3047 329 3068 ³⁸
355 3050 483 3082 Busch.
534 3048 602 3082 See
619 3049 640 3082 i.
660 3049 695 3090 9,
715 3059 750 3083 n.
1135 3045 1147 3064 5
1173 3047 1268 3078 Psal.
1283 3056 1294 3077 .·
1320 3044 1414 3077 cxiii.
1434 3044 1469 3085 5,
1488 3043 1521 3078 6.

299 3095 327 3114 ⁴¹
352 3097 525 3130 Eobanus.
576 3096 644 3129 See
661 3095 682 3128 i.
703 3094 760 3138 38,
780 3106 814 3129 π.
1135 3092 1148 3110 5
1174 3093 1314 3125 themat.
1366 3089 1443 3124 Not
1460 3089 1659 3124 elsewhere
1676 3090 1804 3125 found.

993 3154 1090 3199 2⁶27
