2247 3637
193 249 223 287 1.
247 252 315 299 47]
431 237 1013 294 WENDELINUS
1068 237 1748 295 PANNITONSORIS

194 348 343 395 Tunc
376 346 506 394 sedit
540 346 609 394 ibi
642 363 774 394 unus
806 346 894 410 qui
930 346 1236 410 loquebatur
1266 352 1375 393 tam
1414 346 1642 393 mirabile
1678 345 1786 393 lati-

194 431 337 471 num,
367 414 505 477 quod
544 430 640 477 ego
677 430 779 461 non
818 413 989 460 omnia
1027 413 1180 461 verba
1218 412 1462 467 intellexi,
1497 413 1582 460 sed
1621 412 1788 476 aliqua

194 482 339 536 bene,
365 487 417 528 et
442 480 574 528 inter
605 487 771 528 cetera
802 480 948 537 dixit,
973 481 1112 544 quod
1136 480 1290 527 vellet
1318 497 1482 527 unum
1506 486 1787 527 tractatum

196 564 500 613 componere
553 547 642 610 qui
696 547 906 595 deberet
952 548 1088 595 exire
1135 548 1196 594 ad
1244 546 1534 611 proximam
1582 547 1788 594 missam

196 614 713 670 Francksurdensem,
755 614 843 679 qui
887 615 1095 662 deberet
1136 613 1386 661 intitulari
1424 622 1450 640 ‘⁶
1473 613 1789 677 Cathalogus

194 680 672 747 praevaricatorum,
708 681 804 728 hoc
846 688 924 730 est
963 681 1370 746 praedicatorum
1392 682 1441 730 :”
1480 681 1601 744 quia
1636 680 1790 728 vellet

196 749 410 797 scribere
436 764 613 795 omnes
638 764 817 796 eorum
845 748 1096 812 nequitias
1120 765 1246 812 quas
1269 748 1519 804 fecerunt,
1545 747 1665 812 quia
1690 748 1790 794 iam

196 821 364 864 essent
400 814 532 861 inter
567 831 745 862 omnes
780 817 979 863 ordines
1015 815 1440 879 nequitiosissimi.
1517 817 1579 862 In
1615 815 1791 879 primis

195 882 458 946 quomodo
492 882 789 945 contigisset
821 883 873 930 in
906 884 1071 930 Berna
1101 883 1241 946 quod
1273 882 1407 947 prior
1435 889 1487 930 et
1512 882 1791 946 superiores

195 949 592 998 introduxerunt
640 950 928 998 meretrices
976 951 1039 998 ad
1087 950 1383 1007 claustrum,
1432 956 1483 998 et
1529 949 1792 1013 quomodo

196 1018 430 1065 fecerunt
485 1033 680 1065 novum
738 1017 986 1065 Sanctum
1036 1017 1382 1072 Franciscum,
1431 1023 1483 1064 et
1530 1017 1791 1080 quomodo

198 1085 359 1132 Beata
394 1083 539 1148 virgo
575 1090 627 1131 et
669 1090 865 1132 ceterae
908 1085 1125 1132 Sanctae
1168 1084 1516 1149 apparuissent
1558 1083 1629 1131 illi
1670 1083 1792 1131 Nol-

198 1151 373 1207 hardo,
400 1157 453 1198 et
482 1152 636 1199 etiam
666 1152 928 1214 quomodo
957 1151 1194 1199 monachi
1219 1152 1493 1199 voluerunt
1519 1157 1696 1214 postea
1720 1150 1793 1198 illi

200 1219 464 1266 Nolhardo
502 1235 759 1266 venenum
794 1218 913 1266 dare
950 1218 1001 1266 in
1039 1219 1264 1283 Corpore
1301 1219 1522 1274 Christi;
1565 1224 1616 1266 et
1653 1218 1793 1282 quod

199 1287 322 1334 haec
371 1286 544 1333 omnia
595 1292 764 1333 essent
814 1286 1073 1349 nequitiae
1120 1293 1172 1333 et
1219 1286 1465 1333 fantasiae
1512 1286 1651 1349 quod
1700 1284 1794 1350 ipsi

199 1352 438 1402 monachi
469 1353 716 1409 fecerunt,
743 1358 795 1400 et
827 1353 1088 1416 quomodo
1121 1353 1303 1401 deinde
1328 1359 1496 1401 essent
1522 1351 1792 1400 combusti.

200 1420 407 1468 Deinde
432 1420 597 1468 voluit
630 1436 937 1484 componere
961 1420 1223 1483 quomodo
1256 1420 1413 1467 semel
1445 1437 1577 1467 unus
1603 1419 1793 1484 praedi-

200 1494 342 1535 cator
371 1486 640 1551 supposuit
665 1486 970 1551 Maguntiae
998 1486 1050 1534 in
1075 1487 1285 1535 ecclesia
1309 1493 1429 1534 ante
1455 1487 1612 1534 altare
1638 1504 1795 1534 unam

199 1555 536 1609 meretricem,
567 1561 620 1601 et
652 1554 859 1617 quando
892 1553 1075 1602 deinde
1107 1555 1234 1602 aliae
1265 1554 1556 1602 meretrices
1587 1555 1796 1602 fuerunt

198 1622 356 1669 iratae
389 1637 539 1685 super
570 1621 726 1677 illam,
760 1628 886 1669 tunc
918 1621 1286 1686 nuncupabant
1319 1638 1432 1669 eam
1470 1621 1797 1669 “monachus

199 1688 484 1744 meretrix‚''
521 1688 777 1736 “ecclesia
817 1688 1102 1745 meretrix‚''
1144 1695 1196 1736 et
1235 1689 1439 1736 “altare
1480 1689 1722 1735 meretrix
1740 1689 1795 1736 '’:

199 1763 252 1804 et
288 1756 383 1803 hoc
420 1754 693 1803 audierunt
728 1755 976 1812 homines,
1002 1762 1054 1804 et
1091 1762 1408 1820 cognoscunt
1444 1756 1600 1803 etiam
1630 1755 1796 1804 adhuc

198 1822 338 1871 illam
368 1823 702 1870 meretricem.
775 1822 848 1870 Et
875 1823 987 1870 vult
1016 1823 1173 1871 etiam
1207 1840 1511 1888 componere
1537 1823 1797 1887 quomodo

199 1907 331 1937 unus
366 1890 685 1954 praedicator
718 1889 884 1938 voluit
921 1907 1025 1938 uno
1060 1891 1215 1938 modo
1251 1890 1557 1954 Maguntiae
1592 1890 1645 1937 in
1682 1890 1796 1938 hos-

197 1957 326 2022 pitio
368 1958 432 2005 ad
476 1958 733 2005 Coronam
770 1957 1005 2005 ancillam
1047 1957 1256 2013 lardare,
1293 1958 1500 2022 quando
1541 1957 1798 2022 praedica—

198 2031 333 2072 tores
358 2025 422 2072 de
441 2024 727 2089 Augspurg
751 2025 1042 2073 habuerunt
1067 2042 1180 2073 suas
1206 2025 1550 2089 indulgentias
1576 2024 1659 2080 ibi,
1680 2025 1799 2088 quia

198 2092 464 2140 iacuerunt
489 2092 542 2140 in
566 2092 653 2140 illo
677 2091 914 2157 hospiti0‚
935 2098 987 2140 et
1012 2092 1193 2140 ancilla
1210 2092 1374 2140 voluit
1399 2093 1593 2140 lectum
1617 2093 1797 2147 facere,

200 2165 253 2207 et
301 2176 432 2206 unus
480 2159 761 2208 monachus
804 2159 932 2208 vidit
982 2176 1095 2207 eam
1143 2166 1195 2207 et
1243 2160 1398 2207 currit
1441 2160 1487 2207 ei
1528 2166 1706 2224 postea
1747 2166 1798 2206 et

199 2226 411 2290 proiecit
453 2243 567 2274 earn
608 2227 671 2274 ad
712 2233 902 2274 terram
944 2232 996 2274 et
1039 2227 1204 2274 voluit
1246 2233 1395 2276 ante:
1442 2233 1568 2274 tunc
1616 2226 1798 2274 ancilla

201 2293 457 2349 clamavit,
500 2300 552 2341 et
594 2293 826 2341 homines
868 2300 1122 2342 venerunt
1163 2294 1208 2341 ei
1256 2295 1307 2342 in
1349 2294 1629 2349 auxilium3
1679 2293 1798 2341 alias

200 2360 508 2425 oportuisset
533 2362 673 2424 quod
705 2360 790 2408 illa
821 2360 1003 2408 ancilla
1036 2368 1281 2409 servasset
1315 2361 1360 2409 ei
1385 2378 1548 2409 unum
1575 2378 1651 2408 ex.
1725 2360 1799 2407 Et

200 2427 368 2476 voluit
392 2444 699 2492 componere
723 2428 986 2491 quomodo
1011 2428 1091 2476 hic
1116 2428 1168 2475 in
1190 2429 1483 2492 Strassberg
1501 2428 1553 2475 in
1579 2428 1799 2476 claustro

201 2495 611 2559 praedicatorum
639 2496 856 2543 fuissent
885 2496 1124 2543 monachi
1152 2496 1241 2559 qui
1271 2497 1538 2544 duxissent
1563 2495 1799 2542 mulieres

201 2563 265 2609 ad
303 2562 451 2610 cellas
488 2579 665 2610 eorum
701 2580 790 2627 per
825 2562 987 2627 ripam
1023 2580 1154 2627 quae
1190 2563 1304 2610 fluit
1341 2563 1477 2627 apud
1521 2562 1799 2609 claustrum

202 2645 395 2685 eorum,
432 2636 484 2678 et
519 2637 751 2678 raserunt
787 2630 855 2678 eis
892 2631 1052 2678 crines
1089 2630 1289 2685 abinde,
1326 2636 1377 2677 et
1413 2630 1527 2677 illae
1563 2629 1799 2676 mulieres

203 2695 406 2743 iverunt
446 2697 598 2761 longe
639 2714 732 2762 pro
773 2697 1050 2753 monachis,
1089 2703 1141 2745 et
1182 2697 1387 2745 iverunt
1429 2697 1491 2744 ad
1534 2697 1703 2743 forum
1747 2701 1799 2743 et

204 2762 443 2810 emebant
468 2764 628 2827 pisces
652 2781 681 2811 a
699 2765 818 2812 viris
843 2765 944 2813 suis
969 2764 1057 2828 qui
1077 2771 1220 2811 erant
1240 2765 1530 2827 piscatores,
1551 2769 1603 2811 et
1623 2769 1800 2827 postea

204 2829 414 2876 fuerunt
437 2830 657 2879 traditae
679 2851 686 2879 :
724 2838 775 2879 et
800 2832 973 2879 taliter
997 2831 1367 2895 praedicatores
1386 2830 1621 2878 fecerunt
1641 2829 1801 2878 semel

205 2895 488 2958 nequitiam
521 2897 887 2947 bachantibus:
924 2905 977 2947 et
1009 2898 1215 2961 quando
1249 2897 1407 2945 semel
1439 2914 1572 2945 unus
1605 2896 1798 2961 praedi-

251 2978 277 2997 25
296 2981 397 3013 Nolh.
411 2992 422 3013 .·
447 2980 504 3013 for
522 2980 738 3025 Lolhardus,
759 2984 810 3016 ἵζε.
830 2982 964 3016 Jetzer.
1040 2983 1069 3014 T
1068 2984 1107 3015 he
1124 2982 1406 3024 Autobioyraphy
1427 2982 1471 3023 of
1485 2982 1514 3014 T
1512 2982 1631 3015 homas
1650 2983 1799 3024 matter,

204 3027 271 3061 See
289 3027 310 3059 i.
329 3026 388 3069 22,
408 3039 441 3060 π.
1036 3040 1058 3062 a
1094 3030 1337 3062 schoolmaster
1373 3029 1418 3070 of
1445 3029 1500 3062 the
1537 3030 1670 3062 XVJth
1706 3030 1800 3063 Geni.

250 3072 279 3092 ⁵²
296 3075 452 3107 bacharzt.
503 3073 574 3107 For
594 3087 640 3108 an
660 3080 818 3109 account
840 3076 882 3110 of
902 3076 966 3110 the
1035 3074 1178 3108 Transl.
1204 3075 1299 3108 from
1324 3074 1388 3109 the
1413 3075 1573 3109 German
1599 3075 1663 3121 (by
1689 3076 1728 3110 E.
1756 3075 1801 3109 A.

203 3122 427 3163 bacchantem,
447 3132 487 3154 or
512 3120 672 3167 begging
695 3123 879 3165 students,
906 3134 966 3157 see
1037 3122 1075 3155 M
1084 3122 1218 3166 ‘Caul)‚
1237 3122 1401 3164 London,
1421 3123 1522 3157 1839.

956 3182 1049 3223 119

1822 431 1860 460 15

1825 763 1862 791 20

1827 1098 1866 1127 25

1829 1436 1867 1467 30

1831 1772 1870 1802 35

1833 2108 1873 2137 40

1834 2443 1872 2472 45

1836 2783 1874 2813 50
