2247 3637
372 501 410 532 15

374 837 412 867 20

379 1505 417 1534 30

382 1838 420 1868 35

442 238 913 296 EPISTOLAE
977 233 1569 292 OBSCURORUM
1624 231 2033 288 VIRORUM

440 345 736 395 intitulatus
774 351 850 392 est
890 353 916 370 “
936 341 1183 390 Defensio
1200 342 1256 389 ”z
1306 340 1359 388 in
1399 357 1504 405 quo
1542 339 1848 388 scandalizat
1887 338 2035 386 valde

443 414 763 469 dedecorose,
789 418 842 459 et
867 416 1016 458 vocat
1042 425 1132 456 vos
1157 408 1368 456 asinum.
1431 407 1505 456 Et
1529 405 1902 456 verecundatus
1921 421 2036 453 sum

444 480 592 528 valde
627 479 794 544 legere
830 478 976 525 illum
1011 476 1215 530 librum,
1248 474 1482 538 quamvis
1516 491 1620 522 non
1656 473 1757 537 legi
1793 488 1912 520 eum
1948 489 2038 536 per

441 554 633 603 totum,
650 547 769 610 quia
784 544 970 610 proieci
986 549 1104 590 ante
1120 541 1366 606 parietem
1382 542 1587 606 quando
1603 541 1705 588 vidi
1721 539 1860 604 quod
1877 545 1953 588 est
1967 538 2039 586 ita

444 614 756 678 malignosus
789 617 966 659 contra
990 609 1281 673 Theologos
1306 615 1357 656 et
1382 609 1622 656 Artistas.
1696 609 1802 655 Vos
1827 605 2039 671 potestis

445 698 565 730 eum
602 681 769 745 legere
805 678 843 726 si
874 677 1044 732 vultis,
1071 676 1191 739 quia
1220 676 1375 724 mitto
1408 675 1488 723 hic
1521 692 1640 723 eum
1674 673 1832 722 vobis.
1906 671 2039 720 Mihi

447 748 649 796 videtur
684 746 823 810 quod
859 751 1007 792 autor
1042 743 1127 791 ille
1164 759 1282 791 cum
1320 759 1411 791 suo
1448 742 1575 790 libro
1606 742 1759 789 debet
1793 738 2038 794 comburi,

447 815 567 878 quia
599 820 675 863 est
708 811 931 861 maxime
957 809 1311 859 scandalosum
1334 810 1474 873 quod
1500 809 1680 873 aliquis
1705 808 1858 856 debet
1882 807 2041 855 talem

446 882 635 930 librum
666 879 951 944 compilare.
1026 877 1206 941 Nuper
1234 877 1308 924 fui
1338 876 1594 941 Equiritia
1623 882 1676 924 et
1707 874 1846 922 volui
1874 889 2042 921 emere

448 965 655 1012 equum,
692 947 744 995 in
786 962 888 1010 quo
926 945 1041 992 volo
1078 944 1306 1008 equitare
1341 944 1404 991 ad
1442 943 1728 998 Viennam;
1775 948 1901 989 tunc
1939 940 2041 988 vidi

447 1016 593 1064 illum
611 1015 799 1062 librum
818 1012 1064 1060 venalem.
1126 1011 1200 1059 Et
1219 1011 1439 1075 cogitavi
1458 1026 1662 1058 mecum
1681 1008 1820 1072 quod
1839 1023 2043 1056 necesse

447 1089 525 1131 est
559 1081 699 1146 quod
736 1097 825 1128 vos
862 1079 1098 1127 videbitis
1134 1078 1295 1133 illum,
1328 1085 1388 1125 ut
1423 1077 1625 1141 possitis
1660 1076 1706 1124 ei
1741 1075 2043 1140 respondere

376 1191 393 1200 a
448 1150 511 1198 ad
558 1165 703 1196 suam
751 1146 1166 1212 perversitatem3
1212 1144 1331 1208 quia
1372 1161 1411 1192 sl
1452 1161 1653 1208 possem
1695 1144 1859 1190 facere
1900 1141 2043 1188 vobis

449 1217 640 1265 maiora
682 1214 900 1269 servitia,
938 1229 1042 1261 non
1084 1212 1269 1260 vellem
1310 1211 1512 1268 tardari,
1550 1210 1669 1274 quia
1716 1209 1912 1257 habetis
1959 1223 2043 1256 me

449 1283 697 1332 humilem
722 1281 1019 1329 servitorem
1043 1286 1095 1328 et
1115 1280 1369 1327 fautorem
1395 1285 1637 1326 vestrum.

553 1349 733 1398 Sciatis
769 1348 907 1413 quod
944 1346 1109 1394 adhuc
1145 1347 1307 1394 habeo
1343 1346 1502 1393 malos
1539 1344 1742 1400 oculos;
1780 1343 1866 1391 sed
1903 1342 2044 1390 venit

451 1418 549 1466 huc
586 1417 796 1481 quidam
837 1414 1144 1462 Alchimista
1181 1413 1269 1477 qui
1306 1412 1429 1460 dicit
1470 1412 1609 1476 quod
1657 1411 1751 1458 scit
1793 1410 2044 1458 medicare

452 1484 626 1539 oculis,
665 1483 864 1531 etiamsi
899 1482 1055 1529 homo
1091 1487 1223 1529 esset
1264 1480 1494 1528 totaliter
1536 1495 1713 1527 caecus
1754 1477 1806 1524 in
1847 1477 1933 1525 illa
1969 1477 2042 1524 in-

451 1551 706 1600 firmitate.
780 1550 853 1597 Et
899 1549 1020 1596 alias
1067 1548 1221 1595 habet
1267 1547 1455 1595 bonam
1503 1545 1884 1611 experientiam,
1927 1543 2045 1607 quia

452 1618 735 1667 ambulavit
782 1633 870 1681 per
914 1615 1120 1664 Italiam
1167 1621 1219 1662 et
1265 1614 1550 1669 Franciam,
1600 1619 1653 1660 et
1699 1611 1888 1659 multas
1935 1626 2046 1674 pro-

454 1686 656 1734 vincias.
729 1684 802 1731 Et
836 1684 967 1731 sicut
999 1682 1152 1738 scitis,
1182 1681 1346 1729 omnis
1371 1680 1684 1728 Alchimista
1713 1685 1790 1727 est
1819 1678 2046 1726 medicus

455 1760 544 1801 aut
577 1751 859 1817 saponista3
897 1749 1129 1814 quamvis
1163 1749 1263 1796 iam
1300 1755 1378 1796 est
1414 1748 1785 1812 depauperatus
1821 1746 2046 1809 aliquan-

455 1820 638 1868 tulum.
711 1819 820 1866 Vos
852 1816 1170 1881 quaesivistis
1203 1816 1358 1864 etiam
1390 1815 1649 1878 quomodo
1674 1812 1900 1861 succedit
1923 1810 2047 1858 mihi

456 1887 588 1935 alias.
663 1885 869 1934 Gratior
912 1884 1054 1931 vobis
1094 1883 1233 1947 quod
1274 1881 1515 1946 quaeritis
1552 1881 1637 1929 ita.
1711 1880 1812 1928 Sed
1849 1877 2048 1927 debetis

458 1954 580 2001 scire
616 1953 755 2017 quod
792 1952 956 1999 adhuc
993 1952 1122 1998 bene
1159 1956 1238 1998 sto
1274 1951 1338 1998 de
1372 1949 1535 2014 gratia
1576 1948 1669 1996 dei.
1743 1947 1817 1994 Et
1859 1946 1910 1994 in
1952 1945 2049 1992 ista

506 2086 532 2105 ¹³
558 2088 746 2129 Defensio:
778 2085 843 2119 the
876 2083 945 2118 full
979 2083 1063 2118 title
1097 2082 1219 2127 being,
1288 2082 1420 2128 heresy
1452 2082 1525 2125 (for
1557 2081 1707 2125 having,
1751 2082 1788 2114 111
1828 2080 1884 2114 his
1918 2091 2050 2121 verseS‚

459 2135 623 2177 Defensio
644 2135 794 2167 Jotmm's
819 2133 989 2166 Reuchlin
1013 2132 1221 2164 Plzoreeusis
1287 2129 1430 2164 termed
1472 2130 1536 2163 the
1578 2129 1707 2173 Virgin
1745 2127 1879 2161 “alma
1920 2138 2051 2172 pareus

459 2183 527 2215 LL.
544 2182 703 2214 [motoris
716 2184 838 2213 contra
854 2179 1130 2212 Calumniator&
1140 2187 1221 2210 Suos
1287 2177 1311 2210 J
1316 2177 1392 2210 ovis
1403 2177 1435 2221 '')
1440 2203 1450 2219 ,
1464 2175 1647 2210 Reuchlin
1664 2187 1751 2220 goes
1770 2187 1816 2208 011
1833 2185 1840 2208 :
1869 2175 1896 2192 “
1908 2175 1944 2207 Si
1957 2174 2052 2207 forte

462 2230 688 2262 Colonienses.
730 2227 1044 2269 (Tul1i219ae,apud
1058 2225 1222 2256 Thomam
1290 2224 1411 2258 dicere
1476 2222 1589 2258 velles
1654 2223 1827 2267 quoniam
1877 2221 2052 2266 Juppiter

460 2272 1040 2314 Ait-§helmumBadensem,Anno
1057 2270 1221 2313 MDXIII.).
1290 2271 1433 2305 dicatur
1467 2271 1569 2314 quasi
1605 2270 1758 2313 ‘juvans
1793 2268 1917 2314 pate1·,'
1954 2267 2051 2312 quod

462 2322 530 2356 See
548 2321 689 2355 Introd.
1291 2319 1335 2352 de
1365 2317 1433 2351 deo
1464 2318 1577 2361 possit
1605 2316 1780 2361 intelligi,
1805 2320 1843 2349 at
1867 2317 1978 2349 etiam
2008 2314 2054 2349 de

509 2367 536 2387 ¹⁴
560 2370 671 2402 dedeo.
717 2365 913 2407 Reuchlin,
940 2366 977 2398 in
1006 2365 1080 2398 this
1106 2363 1221 2405 work,
1290 2366 1392 2398 asino
1418 2364 1654 2408 intelligitur,
1675 2375 1783 2408 quem
1809 2363 1962 2396 fortasse
1988 2372 2054 2406 pro

461 2427 552 2461 gave
586 2415 650 2449 the
684 2414 782 2448 reins
814 2417 852 2446 to
885 2412 942 2445 his
980 2411 1223 2456 vituperative
1290 2411 1359 2445 deo
1388 2412 1517 2445 adoras
1546 2411 1866 2444 versifex——immo
1901 2409 2055 2443 versuti-

463 2474 612 2508 powers,
648 2461 791 2495 Ortwin
832 2460 941 2502 being
982 2458 1068 2492 thus
1110 2459 1224 2491 intro·
1291 2457 1387 2492 fex.”
1438 2459 1616 2501 Defensio,
1636 2457 1721 2491 ibid.
1741 2468 1774 2502 p.
1793 2458 1848 2494 73.

462 2509 603 2544 duced:
643 2506 957 2542 “Consideranda
991 2516 1065 2538 11011
1102 2505 1224 2537 minus

458 2558 534 2601 jam
565 2556 666 2590 venit
698 2554 923 2598 semipagani
956 2552 1132 2593 conditio,
1165 2552 1223 2584 cui

463 2615 598 2638 nomen
630 2602 831 2643 Ortvvinus,
859 2610 992 2633 nomen
1019 2598 1223 2640 barbarum,

463 2650 560 2695 quod
582 2651 700 2695 ipsum
722 2649 909 2682 hominem
931 2646 1122 2679 barbarum
1147 2655 1225 2678 esse

463 2699 646 2742 designat,
689 2696 717 2729 si
762 2695 911 2729 nomina
950 2694 1025 2727 sint
1065 2703 1226 2725 consona

464 2745 582 2779 rebus.
611 2771 618 2779 .
644 2771 650 2777 .
683 2768 689 2775 .
718 2742 816 2786 Quid
848 2742 961 2786 igitur
997 2740 1085 2773 tuba
1119 2742 1227 2772 canat
1392 2729 1579 2768 eqemntza:
1632 2725 1748 2782 „heres
1825 2722 2055 2768 apparently,

464 2792 533 2826 iste
551 2790 873 2825 bonarumartium
888 2798 1090 2832 perversor,
1105 2786 1226 2818 dicere
1297 2771 1626 2826 “Hffl'fflffnasskftss
1730 2771 1787 2804 Du
1831 2771 1955 2815 sange
1995 2782 2055 2804 θΧ·

466 2838 564 2872 volui
583 2838 766 2882 professor
787 2835 974 2869 Ortwinus
997 2832 1226 2867 Coloniensis
1294 2819 1413 2865 Plalfls
1430 2823 1604 2862 &quaram
1619 2830 1657 2851 ὃς
1678 2818 1703 2835 “
1716 2829 1894 2862 equorum
1912 2818 2032 2862 grex-’²

466 2885 637 2927 vei-sifex,
665 2883 848 2925 metrifex,
879 2883 990 2915 immo
1020 2880 1079 2914 fex
1109 2880 1226 2913 omnis
1342 2875 1370 2894 ³⁴
1394 2878 1587 2918 Saponixta.
1622 2875 1697 2909 Not
1709 2875 1917 2920 previously
1930 2875 2055 2909 found.

465 2931 614 2965 sceleris
640 2935 677 2965 et
703 2928 910 2976 perfidiae.'’
964 2928 1146 2969 l)eje'2nsio;
1180 2925 1225 2959 H.
1296 2923 1328 2957 A
1370 2922 1480 2957 seller
1521 2923 1562 2956 of
1596 2922 1713 2956 salves
1751 2923 1823 2956 and
1859 2926 2055 2967 unguents.

467 2990 537 3012 von
572 2979 636 3011 der
664 2977 797 3020 Hardt,
829 2978 918 3010 Hist.
949 2976 1015 3009 Lz't.
1047 2974 1228 3017 lx’efhrma-
1298 2971 1368 3004 For
1385 2972 1486 3012 Sapo,
1507 2970 1544 3002 111
1562 2970 1625 3003 the
1650 2981 1755 3004 sense
1780 2970 1822 3003 of
1841 2981 1861 3003 a
1888 2969 2054 3013 pomade,

466 3027 585 3066 tionis,
606 3025 660 3058 Pt.
681 3025 727 3057 ΙΙ.
747 3036 779 3069 p.
799 3024 854 3061 71.
1296 3018 1341 3052 cf.
1356 3017 1473 3062 Pliny,
1489 3018 1599 3059 NH„
1613 3018 1734 3050 xxviii.
1752 3017 1805 3059 12,
1820 3018 1874 3050 51.
1910 3015 2057 3059 Quoted

516 3070 543 3089 14
567 3083 635 3105 voc.
664 3083 730 3105 vos.
759 3072 873 3104 asim:
900 3072 966 3102 not
990 3068 1027 3101 in
1053 3078 1092 3101 so
1118 3077 1228 3110 many
1295 3064 1535 3108 asaproverb
1550 3064 1596 3108 by
1612 3064 1658 3099 H.
1674 3064 1712 3097 C.
1727 3064 1902 3109 Agrippa,
1917 3065 1969 3097 De
1982 3063 2055 3095 Ine.

469 3118 596 3159 words,
631 3118 697 3151 but
730 3118 767 3150 111
800 3116 974 3159 accusing
1014 3114 1158 3148 Ortwin
1191 3113 1232 3147 of
1294 3116 1325 3146 et
1350 3112 1574 3153 1'a7t=.S(·z'.,c.
1595 3123 1649 3144 xc.

1236 3173 1298 3214 64

1338 2521 1363 2540 ¹⁷
1383 2523 1608 2564 Malignosus.
1627 2520 1703 2554 Not
1715 2519 1830 2553 found
1845 2519 2054 2553 elsewhere.

1292 2569 1368 2602 But
1391 2570 1568 2611 Maliyuns
1598 2579 1667 2600 was
1697 2567 1797 2608 used,
1824 2566 1899 2600 like
1922 2567 2053 2608 Malus,

1291 2620 1330 2649 to
1363 2616 1497 2649 denote
1532 2614 1596 2648 the
1640 2613 1719 2647 Evil
1761 2614 1853 2648 One.
1904 2612 1958 2645 Cf.
1996 2613 2054 2646 Du

1294 2663 1428 2707 Gange,
1445 2673 1506 2695 s.v.

1341 2724 1367 2743 21
