2247 3637
375 566 414 595 15

378 1240 417 1269 ‘25

379 1573 417 1601 30

383 1906 421 1935 35

387 2241 424 2269 40

447 241 916 298 EPISTOLAE
980 240 1569 297 OBSCURORUM
1627 239 2033 296 VIRORUM

444 348 598 412 aliqui
629 349 954 396 Colonienses
990 348 1078 411 qui
1115 348 1354 396 dixerunt
1389 349 1526 412 quod
1562 349 1758 396 habetis
1793 347 2036 394 Coloniae

443 432 600 463 unam
637 416 902 464 mulierem
938 432 1069 479 quae
1105 421 1182 462 est
1217 431 1363 480 saepe
1397 416 1532 479 apud
1565 433 1670 472 vos,
1696 421 1748 463 et
1778 431 1867 462 vos
1900 413 2035 478 apud

446 482 622 545 ipsam,
662 489 713 530 et
762 483 940 530 dicunt
988 481 1231 530 veraciter
1278 482 1416 545 quod
1463 482 1659 530 habetis
1700 488 1875 529 actum
1918 497 2036 528 eum

444 549 563 613 ipsa.
637 548 712 597 Et
747 566 842 613 ego
878 549 1017 596 dolui
1054 548 1201 595 valde
1238 565 1355 597 cum
1388 566 1577 613 magno
1609 556 1799 598 terrore
1831 548 2036 612 quando

445 615 632 670 audivi,
660 616 781 680 quia
809 623 885 664 est
910 632 1159 680 magnum
1185 616 1496 672 scandalum,
1524 616 1562 664 si
1592 633 1769 664 verum
1800 622 1892 671 est,
1918 614 2038 678 quia

445 683 566 730 estis
611 683 906 747 graduatUS‚
949 688 1000 730 et
1048 699 1140 746 pro
1179 689 1412 747 tempore
1454 683 1733 731 ascendetis
1775 682 1931 730 etiam
1974 681 2037 729 ad

446 750 637 805 altiora,
665 750 854 798 scilicet
879 750 942 796 ad
966 750 1153 813 gradus
1178 750 1229 796 in
1255 767 1393 797 sacra
1417 750 1696 814 Theologia
1717 770 1724 798 :
1755 757 1807 798 et
1831 749 2038 813 quando

445 816 566 864 talia
601 817 881 864 audiuntur
916 817 979 863 de
1014 815 1173 872 Vobis,
1197 823 1323 864 tunc
1359 817 1484 865 dant
1514 817 1708 865 malum
1741 816 2037 881 exemplum

446 883 740 938 iunioribus,
788 884 876 947 qui
923 883 1216 948 peiorantur
1263 883 1459 932 exinde.
1532 885 1640 932 Vos
1687 891 1861 931 tamen
1909 883 2038 930 bene

448 950 639 1013 legistis
686 951 738 997 in
786 950 1175 998 Ecclesiastico:
1235 952 1499 1015 “Propter
1546 951 1766 1015 speciem
1814 950 2038 998 mulieris

448 1017 602 1064 multi
643 1017 915 1080 perierunt,
954 1024 1006 1064 et
1048 1034 1111 1065 ex
1153 1017 1246 1065 hac
1290 1019 1698 1082 concupiscentia
1733 1017 1875 1081 quasi
1908 1016 2039 1080 ignis

449 1084 707 1131 ardescit.”
780 1085 854 1131 Et
894 1085 943 1132 in
984 1084 1319 1133 Ecclesiaste:
1371 1085 1615 1133 “Averte
1661 1085 1844 1132 faciam
1891 1090 2038 1131 tuam

449 1168 478 1197 a
504 1151 712 1198 muliere
739 1158 959 1215 compta,
979 1158 1031 1199 et
1055 1168 1120 1199 ne
1145 1151 1517 1216 circumspicias
1543 1152 1760 1216 speciem
1780 1151 2039 1198 alienam.”

450 1218 522 1265 Et
561 1217 777 1266 ibidem:
830 1219 1144 1283 “Virginem
1187 1236 1250 1267 ne
1293 1219 1582 1283 conspicias,
1620 1236 1684 1266 ne
1725 1219 1856 1266 forte
1899 1234 2038 1265 scan-

451 1285 676 1332 dalizeris
705 1285 757 1332 in
786 1286 966 1334 decore
990 1286 1168 1334 illius.”
1238 1287 1346 1334 Vos
1372 1286 1509 1334 scitis
1535 1287 1689 1333 etiam
1715 1286 1854 1350 quod
1880 1284 2039 1332 maxi-

450 1369 595 1399 mum
644 1359 912 1415 peceatum
959 1359 1036 1401 est
1082 1353 1364 1401 fornicatio.
1439 1354 1539 1401 Sed
1587 1371 1706 1401 cum
1754 1353 1847 1400 hoc
1891 1351 2041 1399 audio

451 1420 590 1482 quod
622 1419 708 1477 illa
737 1420 919 1468 mulier
947 1426 1025 1468 est
1052 1420 1283 1485 legitima
1310 1427 1363 1468 et
1391 1420 1546 1467 habet
1572 1420 1752 1468 virum.
1826 1420 2043 1483 Propter

453 1487 608 1533 deum
655 1486 927 1534 dimittatis
974 1504 1101 1543 eam,
1145 1494 1196 1534 et
1242 1487 1518 1552 respiciatis
1566 1488 1755 1534 famam
1804 1492 2038 1533 vestram.

452 1553 551 1600 Est
575 1553 869 1601 scandalum
895 1554 1033 1618 quod
1057 1555 1288 1601 homines
1312 1555 1501 1602 debent
1525 1554 1689 1602 dicere
1714 1554 1851 1617 quod
1878 1553 2043 1600 Theo-

451 1620 598 1684 logus
647 1627 724 1668 est
771 1621 980 1668 adulter.
1077 1621 1215 1677 Quia
1261 1621 1380 1668 alias
1433 1621 1629 1668 habetis
1689 1621 1807 1668 satis
1855 1622 2043 1668 bonam

451 1687 659 1743 famam,
697 1694 749 1734 et
785 1704 962 1735 omnes
998 1687 1176 1736 dicunt
1211 1689 1350 1752 quod
1386 1689 1505 1736 estis
1542 1689 1670 1736 bene
1707 1688 2043 1752 qualificatus,

454 1754 586 1801 sicut
632 1754 788 1801 etiam
836 1772 931 1819 ego
978 1755 1092 1803 scio.
1166 1756 1273 1802 Vos
1320 1756 1570 1803 deberetis
1616 1755 1846 1819 quotidie
1889 1754 2045 1803 semel

454 1821 637 1868 habere
675 1838 831 1868 unam
870 1822 1109 1869 devotam
1148 1823 1552 1870 recordationem
1599 1822 1842 1886 passionis
1883 1821 2043 1870 domi-

455 1888 612 1943 nicae,
651 1888 770 1951 quia
804 1888 929 1936 illud
963 1896 1040 1936 est
1072 1906 1320 1953 magnum
1353 1890 1635 1938 remedium
1669 1896 1845 1937 eontra
1879 1895 2047 1937 tenta—

455 1954 619 2002 tiones
648 1955 849 2012 diaboli,
877 1962 928 2003 et
963 1956 1229 2003 stimulum
1257 1957 1430 2012 carnis,
1458 1963 1509 2004 et
1536 1963 1707 2021 petere
1732 1957 1783 2003 in
1809 1955 2046 2004 orationi-

455 2022 549 2068 bus
585 2022 778 2077 vestris,
816 2024 952 2086 quod
991 2024 1228 2071 dominus
1265 2024 1389 2072 velit
1425 2041 1513 2072 vos
1551 2024 1803 2072 custodire
1839 2041 1867 2070 a
1903 2023 2047 2070 malis

457 2089 866 2152 cogitationibus.
940 2090 1057 2154 Ego
1087 2091 1236 2138 eredo
1266 2091 1404 2154 quod
1438 2092 1558 2139 talia
1586 2091 1779 2155 legistis
1808 2091 1859 2138 in
1883 2089 2047 2154 poetis

457 2156 812 2212 saecularibus,
854 2163 905 2204 et
953 2157 1189 2221 peioratis
1237 2175 1326 2205 vos
1374 2158 1503 2205 inde.
1578 2158 1651 2206 Et
1699 2175 1818 2222 ergo
1861 2157 2047 2205 vellem

457 2222 596 2285 quod
629 2223 953 2271 dimitteretis
986 2224 1097 2271 illos
1130 2232 1321 2289 poetas,
1352 2227 1472 2288 quia
1502 2226 1638 2273 scitis
1672 2225 1810 2289 quod
1844 2231 2048 2272 sanctus

462 2289 813 2353 Hieronymus
839 2291 938 2338 fuit
962 2308 1228 2355 percussus
1253 2293 1316 2339 ab
1341 2293 1538 2356 angelo,
1558 2293 1678 2356 quia
1702 2293 1826 2356 legit
1851 2293 1903 2339 in
1921 2292 2049 2339 libro

458 2363 740 2420 poetarum.
814 2358 886 2404 Et
912 2358 1226 2407 Daventriae
1258 2376 1405 2423 saepe
1431 2359 1535 2406 dixi
1560 2360 1717 2407 etiam
1743 2359 1885 2406 vobis
1911 2358 2049 2422 quod

459 2440 561 2470 non
592 2424 843 2472 deberetis
874 2425 979 2472 fieri
1013 2432 1165 2488 poeta
1195 2426 1275 2473 vel
1304 2427 1493 2482 iurista‚
1520 2426 1639 2489 quia
1663 2426 1746 2473 isti
1772 2432 1893 2473 sunt
1917 2425 2050 2473 male

459 2490 772 2538 affectionati
808 2492 860 2538 in
896 2492 1009 2547 fide,
1037 2498 1088 2539 et
1124 2493 1314 2540 habent
1351 2494 1494 2557 quasi
1532 2510 1707 2540 omnes
1737 2492 1925 2540 malam
1955 2493 2052 2539 dis-

508 2645 533 2663 21
559 2649 693 2680 Eeclus.
709 2658 721 2680 .·
746 2647 793 2678 ix.
813 2646 844 2679 9.

1290 2645 1409 2678 where
1436 2646 1502 2689 thy
1520 2649 1686 2680 treasure
1710 2646 1738 2679 is
1763 2647 1867 2680 there
1886 2645 1959 2679 will
1984 2647 2052 2691 thy

508 2692 535 2710 ²³
560 2696 710 2727 ardeseit
722 2705 733 2727 :
750 2694 943 2727 arardeseit
961 2692 998 2724 in
1017 2690 1049 2723 V
1052 2690 1124 2736 ulg.

1289 2691 1395 2725 heart
1425 2692 1467 2725 be
1492 2692 1624 2725 also.''’
1692 2692 1750 2727 He
1775 2693 1865 2727 then
1891 2695 2051 2736 seemed‚

508 2739 535 2757 2³
561 2742 715 2774 E‹·‹·les..·
742 2738 857 2784 really
878 2738 1019 2772 Ecclus.
1040 2739 1085 2771 ix.
1106 2741 1138 2771 8.

509 2786 535 2805 ²⁵
560 2788 647 2821 [bid.
663 2800 674 2820 .·
702 2786 842 2820 Ecclus.
865 2787 911 2820 ix.
931 2787 962 2819 5.

509 2834 535 2852 ⁴¹
562 2836 705 2868 Hieron.
761 2834 786 2850 “
803 2833 867 2877 My
885 2832 964 2866 soul
991 2844 1061 2864 was
1087 2831 1223 2876 caught

464 2892 510 2924 up
538 2881 628 2914 from
656 2893 728 2923 me,
749 2881 819 2914 and
845 2879 985 2913 carried
1010 2879 1134 2912 before
1159 2878 1222 2913 the

462 2927 639 2960 Tribunal
659 2928 700 2961 of
712 2927 776 2961 the
791 2928 967 2972 Supreme
981 2926 1119 2970 Judge.
1147 2951 1154 2958 .
1180 2951 1186 2958 .
1214 2952 1220 2959 .

462 2974 565 3018 They
594 2974 705 3008 asked
741 2986 797 3008 me
830 2974 911 3007 who
942 2974 956 3006 Ι
988 2984 1072 3015 was,
1099 2972 1169 3005 and
1207 2972 1222 3004 Ι

463 3022 663 3063 answered,
715 3021 764 3054 ‘A
812 3020 1020 3054 Christian.'
1096 3019 1223 3053 ‘Thou

463 3066 574 3109 liest,’
609 3069 683 3100 said
714 3068 778 3101 the
810 3067 946 3112 Judge,
980 3067 1091 3100 ‘thou
1122 3070 1224 3099 arta

464 3114 680 3147 (licerouian
704 3115 777 3148 and
802 3119 867 3147 not
891 3126 912 3147 a
937 3114 1139 3157 Christian,
1169 3113 1224 3146 for

1288 2739 1325 2771 111
1354 2739 1408 2771 his
1440 2739 1575 2781 dream,
1606 2743 1644 2772 to
1679 2739 1721 2773 be
1754 2740 1948 2783 chastised,
1978 2741 2050 2774 and

1288 2785 1413 2819 awokc
1456 2786 1539 2819 with
1576 2786 1723 2820 bruises.
1799 2788 1841 2821 A.
1879 2788 2050 2832 Largent,

1289 2834 1388 2865 saint
1414 2834 1562 2875 deo-ome,
1583 2834 1685 2875 1900,
1711 2845 1744 2879 p.
1773 2834 1828 2868 22.
1881 2837 1947 2868 See
1976 2834 2052 2868 also

1291 2879 1433 2922 Migne,
1464 2881 1613 2922 Μαντώ,
1650 2880 1720 2914 vol.
1757 2882 1842 2914 xxii.
1879 2881 1968 2925 (vit.
1999 2884 2049 2915 St.

1293 2927 1404 2963 Hier„
1424 2938 1500 2971 cap.
1519 2926 1592 2970 ix.).

1337 2971 1364 2990 44
1389 2974 1611 3015 (4Ῐῗὲι-ΐίι)νι(ιίί.

1290 3020 1420 3054 where.

1337 3065 1365 3083 44
1389 3069 1542 3109 disposit.
1598 3068 1674 3102 Not
1706 3068 1903 3103 elsewhere
1938 3068 2051 3102 found

1291 3114 1327 3146 111
1347 3113 1410 3147 the
1428 3125 1532 3148 sense
1550 3115 1591 3148 of
1607 3116 1633 3132 “
1646 3115 1787 3149 mood.”

1672 2975 1748 3008 Not
1796 2974 1910 3009 found
1961 2974 2053 3009 else-

1231 3174 1292 3215 62
