2247 3637
217 251 270 290 11.
294 252 362 300 27]
547 238 1092 294 WILHELMUS
1147 238 1482 296 STORCH

218 343 291 380 Est
312 345 352 378 in
374 340 448 378 hac
470 341 657 385 civitate,
715 346 757 378 et
779 341 889 377 vadit
909 354 998 378 cum
1020 353 1167 391 magna
1187 345 1409 391 gravitate:

217 396 299 434 Sed
321 398 433 432 venit
453 407 502 431 ex
527 394 737 431 Almaniae
759 396 952 444 partibus,
1010 395 1076 432 ubi
1097 394 1262 444 collegit
1281 396 1429 432 multos
1449 410 1584 433 caseos

220 449 267 486 In
288 462 434 499 magna
455 451 707 498 quantitate:
766 453 808 486 et
829 452 869 485 in
892 463 971 485 una
991 451 1256 486 universitate

218 503 400 540 Tandem
422 501 499 539 fuit
518 501 750 551 graduatus,
808 508 850 540 et
871 506 911 539 in
932 502 1155 552 Theologia
1174 503 1451 553 qualificatus3
1845 506 1884 537 35

219 557 323 603 Quia
343 557 399 593 ibi
418 555 623 592 subtiliter
641 555 877 605 disputavit,
934 562 976 593 et
997 556 1144 593 multos
1164 556 1405 605 sillogismos
1426 555 1612 595 formavit

221 612 269 648 In
290 610 442 647 Baroco
462 614 505 645 et
526 609 729 653 Celarent‚
786 612 842 646 ita
862 615 907 647 ut
927 623 1067 648 omnes
1086 611 1344 648 admirarent.

220 664 342 710 Quod
363 663 549 700 videntes
569 663 623 699 ibi
645 662 855 712 Theologi,
911 667 978 714 qui
1000 669 1094 701 sunt
1115 667 1154 700 in
1176 663 1253 701 fide
1274 664 1408 710 zelosi‚

220 718 422 755 Fecerunt
442 730 534 754 eum
555 719 843 766 inquisitorem,
903 724 1043 755 contra
1064 718 1309 755 haereticam
1330 721 1584 768 pravitatem.

219 772 301 810 Sed
322 775 458 821 posset
476 771 619 820 aliquis
640 783 845 820 quaerere,
906 775 926 792 ‘⁴
941 772 1037 821 quid
1061 772 1146 809 vult
1166 772 1257 809 talis
1277 772 1342 809 hie
1363 772 1496 810 facere
1511 773 1526 808 ?
1540 772 1563 784 '¹
1850 781 1888 810 40

219 825 455 862 Advertatis
475 824 720 873 diligenter:
777 828 870 874 quia
890 825 981 862 dico
1003 828 1112 862 vobis
1132 826 1332 864 libenter:

220 880 294 917 Est
312 878 463 916 ibidem
485 881 526 915 in
548 878 736 915 Almania
793 893 893 916 unus
913 879 1057 916 doctor
1077 883 1117 916 in
1138 882 1322 926 iuristria‚

220 933 301 980 Qui
333 932 535 969 Iohannes
569 932 768 969 Reuchlin
801 938 986 970 vocatur:
1045 933 1114 971 ille
1146 947 1218 984 per
1244 934 1351 971 hunc
1374 934 1615 983 Magistrum
1636 938 1818 971 nostrum

327 989 474 1024 citatur

221 1041 287 1078 Ad
312 1041 530 1077 Romanam
552 1040 707 1076 Curiam
727 1055 734 1076 :
787 1043 879 1090 quia
899 1044 1057 1090 scripsit
1078 1055 1196 1078 unam
1220 1043 1441 1086 materiam,
1853 1055 1892 1085 45

222 1095 338 1140 Quae
359 1108 439 1131 non
460 1100 522 1131 est
542 1094 861 1144 'l'lieologicalis:
919 1095 989 1132 sed
1010 1096 1173 1132 videtur
1192 1108 1278 1132 esse
1299 1095 1552 1133 haereticalis
1569 1111 1576 1133 :

223 1149 327 1194 Quia
349 1149 474 1185 habet
494 1149 641 1185 multas
698 1151 992 1198 propositiones
1012 1151 1054 1184 in
1075 1149 1152 1186 fide
1174 1149 1516 1187 scandalizativas.

223 1203 276 1240 Et
297 1203 422 1239 debet
443 1207 583 1238 notum
605 1215 693 1239 esse
714 1203 837 1247 vobis,
888 1203 995 1252 quod
1016 1203 1083 1240 ille
1105 1203 1206 1240 liber
1227 1203 1337 1240 favet
1360 1203 1532 1248 Iudaeis,

223 1257 277 1294 Et
298 1262 513 1306 propterea
534 1261 596 1293 est
617 1262 848 1306 suspectus:
907 1257 1016 1306 Ergo
1040 1270 1169 1307 nuper
1188 1257 1235 1293 ad
1258 1257 1328 1294 illo
1349 1260 1584 1307 inquisitore
1604 1257 1822 1308 perlectus,

225 1311 318 1347 Fuit
338 1311 388 1347 ad
409 1313 547 1360 ignem
568 1310 796 1354 damnatus,
853 1316 893 1347 et
915 1316 1033 1347 autor
1050 1311 1102 1346 ad
1124 1313 1419 1348 revocationem
1443 1317 1621 1349 vocatus.
1856 1323 1896 1353 50

224 1365 357 1401 Etiam
380 1367 513 1401 sciatis
533 1366 652 1401 istum
675 1364 822 1400 librum
880 1364 1095 1414 Speculum
1120 1365 1293 1401 Oculare
1315 1365 1482 1403 dictum.

223 1418 305 1456 Sed
325 1418 392 1454 ille
414 1421 607 1467 magister
627 1422 764 1455 noster
783 1421 860 1454 iam
919 1421 1033 1454 venit
1051 1418 1104 1454 ad
1127 1419 1343 1455 Romanam
1366 1422 1516 1455 curiam

223 1472 289 1508 Ad
310 1472 602 1522 perficiendum
624 1472 725 1509 illud
746 1475 974 1522 negocium,
1027 1474 1119 1521 quia
1145 1472 1343 1522 Theologi
1376 1486 1455 1509 non
1487 1476 1758 1522 permiserunt
1787 1477 1824 1512 ei

332 1540 476 1572 ocium,

225 1579 369 1616 Donec
390 1580 468 1616 huc
489 1582 659 1624 veniret,
717 1583 760 1616 et
780 1578 932 1616 faceret
952 1579 1058 1629 quod
1080 1579 1148 1616 ille
1169 1582 1309 1616 iurista
1330 1582 1492 1630 periret.
1858 1591 1897 1621 55

224 1634 332 1683 Ergo
352 1634 512 1671 debetis
533 1647 625 1670 eum
646 1633 854 1678 honorare,
912 1639 954 1670 et
976 1638 1210 1670 reverenter
1230 1633 1419 1679 salutare,

224 1688 398 1734 Quando
419 1693 481 1724 est
501 1688 612 1724 vobis
633 1688 796 1723 obvius:
853 1689 946 1736 quia
967 1693 1029 1724 est
1048 1687 1165 1724 valde
1186 1687 1469 1737 disputativus,

224 1742 278 1778 Et
298 1747 495 1792 quantum
516 1742 565 1778 ad
587 1744 735 1790 primas
756 1744 1007 1777 intentiones
1065 1754 1212 1790 paucos
1233 1742 1359 1779 habet
1378 1741 1540 1780 similes.

327 1848 432 1913 Ipsi
457 1848 638 1896 dicunt
663 1849 802 1912 quod
829 1865 932 1896 non
952 1855 1029 1897 est
1048 1855 1184 1897 recte
1204 1849 1548 1914 compositum
1574 1866 1662 1898 seu
1690 1867 1827 1898 com-

223 1922 489 1980 portatum
513 1915 566 1963 in
591 1915 805 1980 pedibus
832 1915 962 1964 suis:
1003 1916 1074 1964 Et
1099 1933 1195 1980 ego
1220 1917 1354 1964 dixi:
1395 1916 1535 1973 Quid
1571 1934 1666 1981 ego
1705 1934 1827 1966 curo
1862 1939 1900 1969 60

222 1984 414 2047 pedes?
507 1983 625 2047 Ego
672 1989 849 2031 tamen
891 2000 994 2030 non
1042 2000 1157 2031 sum
1205 1990 1357 2048 poeta
1405 1984 1688 2040 saecularis,
1738 1985 1827 2032 sed

225 2050 614 2114 Theologicalis,
641 2056 692 2097 et
717 2067 821 2098 non
848 2067 970 2098 curo
996 2067 1090 2099 nec
1122 2051 1287 2099 habeo
1325 2059 1616 2116 respectum
1641 2052 1705 2100 ad
1731 2052 1828 2100 ista

224 2117 450 2182 puerilia,
511 2118 598 2165 Sed
655 2123 865 2166 tantum
927 2135 1048 2166 euro
1114 2119 1422 2167 sententia-s:
1482 2119 1826 2184 Quapropter,

226 2185 432 2232 domine
459 2184 691 2241 Ortvine,
718 2184 916 2233 debetis
941 2185 1065 2232 mihi
1091 2186 1231 2232 omni
1257 2186 1412 2233 modo
1437 2187 1741 2251 respondere
1765 2187 1825 2234 ad

224 2252 319 2299 hoc
345 2252 619 2307 dictamen,
635 2259 688 2299 et
712 2252 910 2300 debetis
934 2252 1030 2300 lias
1056 2269 1244 2318 ponere
1267 2253 1319 2300 in
1345 2254 1581 2302 bancum.
1648 2254 1826 2302 Etiam
1863 2274 1901 2304 65

226 2319 343 2366 volo
392 2319 535 2366 vobis
583 2336 717 2367 nova
763 2319 994 2374 scribere,
1033 2321 1173 2384 quod
1214 2320 1427 2384 quidam
1465 2321 1697 2369 homines
1738 2321 1828 2384 qui

225 2393 475 2434 vocantui
511 2386 747 2451 Hispani,
792 2387 988 2434 vadunt
1024 2388 1086 2434 ad
1123 2387 1522 2436 Lombardiam:
1560 2395 1613 2436 et
1649 2388 1828 2435 dicunt

225 2453 364 2518 quod
407 2454 695 2518 Imperator
734 2454 846 2501 vult
885 2454 1138 2517 expellere
1175 2472 1349 2519 regem
1388 2456 1648 2511 Fianciae,
1687 2456 1827 2518 quod

225 2537 328 2568 non
354 2527 487 2568 esset
513 2521 708 2568 bonum
740 2537 830 2585 pro
868 2522 943 2569 Μ.
972 2521 1038 2569 N
1067 2522 1130 2570 de
1167 2522 1535 2577 Hochstraten,
1562 2523 1682 2586 quia
1719 2522 1825 2586 ipse

225 2605 314 2652 per
368 2605 543 2652 legem
591 2588 837 2636 Franciae
885 2588 1125 2636 sollicitat
1172 2590 1445 2653 negocium
1493 2606 1643 2636 suum
1690 2590 1826 2653 apud
1862 2609 1900 2639 το

230 2655 641 2711 Sanctissimum,
664 2662 715 2703 et
741 2656 1207 2703 Christianissimus
1226 2674 1315 2704 rex
1335 2656 1562 2703 multum
1582 2656 1716 2720 petit
1734 2673 1826 2720 pro

228 2738 304 2777 eo,
342 2729 551 2786 propter
591 2723 838 2770 honorem
887 2722 1229 2771 universitatis
1278 2722 1649 2779 Parrliisiensis‚
1697 2739 1828 2786 quae

229 2788 651 2837 scandalizaretur
675 2806 739 2837 ex
764 2790 876 2846 hoc,
903 2791 942 2837 si
974 2790 1252 2854 Speculum
1291 2789 1511 2837 Oculare
1546 2806 1651 2837 non
1690 2806 1828 2837 com-

232 2855 507 2903 bureretur.
571 2857 671 2904 Sed
696 2856 798 2905 iam
823 2856 949 2904 nihil
974 2857 1136 2921 magis
1161 2857 1277 2904 scio.
1340 2856 1523 2903 Valete
1547 2856 1597 2903 in
1622 2857 1824 2921 gaudio.

340 2939 492 2975 Datum
524 2940 679 2978 Rome.
1862 2959 1900 2990 75

279 3031 306 3049 ³³
332 3044 454 3066 caseo-0.
506 3033 572 3065 See
591 3034 611 3065 i.
634 3035 668 3073 5,
688 3045 723 3066 n.
1065 3045 1163 3074 man,
1198 3037 1317 3075 stone,
1354 3033 1443 3066 &cs’
1504 3034 1665 3069 Hobbes.
1716 3036 1826 3079 (Con-

277 3078 305 3097 ⁵⁸
330 3082 432 3122 prim.
465 3081 584 3113 intent.
644 3083 667 3096 “
685 3079 738 3112 Of
761 3080 824 3114 the
842 3081 921 3114 first
940 3081 994 3113 in-
1064 3084 1166 3125 cepts
1195 3081 1236 3113 of
1256 3092 1388 3124 geum,
1416 3080 1627 3125 difference,
1655 3082 1736 3126 (Qu,
1765 3096 1827 3119 are

230 3128 376 3161 tention
403 3137 464 3160 are
493 3125 557 3159 the
587 3137 712 3159 names
741 3127 783 3160 of
802 3127 944 3171 things,
974 3139 994 3160 a
1065 3126 1250 3160 ofsecond
1269 3128 1481 3170 intention.)

996 3186 1089 3228 189
