2247 3637
219 297 248 336 1.
272 300 341 348 34]
587 287 1020 343 ORTVINUS
1074 286 1446 343 GRATI‘US

219 396 320 443 suis
346 395 708 450 inflationibus,
730 396 849 460 quia
873 412 977 444 non
1001 402 1078 444 est
1102 396 1200 443 alia
1224 395 1476 443 medicina
1498 401 1607 443 tam
1632 395 1811 443 efficax

218 463 282 510 ad
324 463 475 512 istam
517 463 869 512 infirmitatem
912 464 1045 511 sicut
1086 462 1185 517 illa,
1224 468 1284 509 ut
1326 468 1402 510 est
1444 462 1717 526 probatum
1760 462 1813 509 in
1847 480 1886 510 65

219 530 397 577 multis
456 530 801 594 patientibus:
861 532 904 578 V
913 539 1001 579 eru
1051 536 1187 578 certe
1234 530 1428 577 bonum
1476 536 1555 577 est
1602 536 1661 577 ut
1707 530 1813 593 ipse

218 597 357 661 prius
393 597 606 661 accipiat
643 614 799 644 unam
836 597 1193 662 purgationem
1230 597 1293 644 de
1328 596 1443 643 albo
1478 613 1662 660 graeco
1696 613 1813 644 cum

219 680 371 711 suc-eo
398 664 607 728 raphani
633 667 696 712 af]
724 675 767 714 .3
794 665 875 728 .iij.
904 671 957 712 et
977 665 1105 713 bene
1124 664 1264 712 erit.’'
1318 664 1467 711 Tune
1487 670 1652 711 mater
1674 663 1815 711 venit

220 737 272 778 et
314 731 457 778 dedit
499 731 623 779 mihi
668 732 828 779 talem
870 732 1228 796 purgationem
1272 737 1450 778 contra
1491 730 1814 778 voluntatem

220 814 418 853 meam;
457 804 509 845 et
551 798 706 847 habui
748 798 798 846 in
841 798 926 846 illa
967 805 1120 846 nocte
1160 798 1388 862 quinque
1425 797 1567 845 sedes
1604 813 1816 862 magnas
1850 814 1888 845 70

220 870 377 928 atque
401 865 527 913 nihil
550 865 782 922 dormivi,
810 882 1111 930 semperque
1137 865 1360 929 cogitavi
1388 864 1650 928 quomodo
1675 865 1815 912 illam

220 931 272 978 in
298 932 481 980 chorea
500 933 772 996 compressi
798 949 916 980 cum
943 933 1043 981 suis
1069 932 1305 980 mamillis
1330 932 1393 979 ad
1418 938 1600 997 pectus
1625 949 1816 988 meum,

220 1015 278 1046 ac
327 999 589 1062 quomodo
647 999 732 1047 illa
785 1016 867 1048 me
919 1000 1129 1064 aspexit.
1227 1001 1415 1047 Precor
1462 1016 1552 1047 vos
1610 1006 1819 1064 propter

220 1082 426 1113 omnem
462 1066 748 1115 bonitatem
782 1084 938 1130 quam
972 1067 1024 1114 in
1056 1066 1200 1115 vobis
1234 1066 1446 1122 habetis,
1477 1066 1616 1131 quod
1649 1065 1817 1115 velitis

221 1133 345 1180 mihi
392 1133 511 1181 dare
552 1151 714 1181 unum
762 1133 1174 1199 experimentum
1216 1134 1280 1181 de
1326 1150 1500 1182 amore
1542 1150 1605 1181 ex
1648 1141 1819 1182 vestro
1854 1152 1892 1184 75

220 1217 378 1265 parvo
429 1200 573 1255 libro,
622 1200 675 1248 in
722 1218 825 1265 quo
874 1207 977 1248 stat
1029 1203 1276 1266 scriptum
1326 1201 1647 1266 “probatum
1694 1201 1817 1256 est‚”

220 1284 375 1330 quem
406 1267 530 1314 mihi
562 1268 718 1316 semel
751 1268 1047 1316 ostendistis
1079 1274 1132 1316 et
1168 1267 1396 1317 dixistis:
1435 1276 1462 1295 ‘⁶
1481 1269 1620 1317 Ecce
1644 1284 1707 1316 ex
1733 1268 1820 1315 illo

219 1334 348 1382 libro
396 1351 604 1399 possum
652 1336 817 1383 facere
858 1336 998 1399 quod
1045 1335 1211 1383 omnis
1252 1335 1436 1384 mulier
1478 1352 1562 1384 me
1600 1342 1740 1383 amat
1760 1336 1821 1391 ”;

221 1408 274 1450 et
322 1402 415 1449 nisi
470 1401 683 1459 faciatis,
731 1403 939 1450 domine
986 1403 1245 1467 magister,
1294 1409 1420 1450 tunc
1477 1419 1573 1466 ego
1620 1401 1820 1459 moriar,

220 1475 272 1517 et
298 1476 463 1517 mater
486 1485 598 1517 mea
622 1485 742 1534 prae
766 1469 942 1517 dolore
965 1470 1123 1518 etiam
1148 1469 1408 1518 morietur.
1856 1487 1893 1516 80

329 1553 389 1590 Ex
412 1553 731 1591 HEYDELBERGO.

891 1748 1152 1797 XXXIV

218 1884 281 1932 (ἰ
307 1882 426 1930 MA
439 1883 738 1931 GISTER
778 1882 1192 1931 ORTVINUS
1226 1883 1388 1932 ΘΚΑ
1404 1883 1591 1931 TIUS
1620 1883 1821 1947 Magis-

386 1956 466 1998 tro
512 1951 896 2000 Mammotrecto
931 1950 1333 2016 profimdissimo
1380 1950 1533 1999 amico
1571 1950 1625 1998 in
1652 1951 1823 2016 primo

379 2018 556 2082 gradu
579 2018 912 2065 amicitiarum
936 2018 990 2066 S.
1016 2018 1088 2066 D.

329 2155 385 2202 X
414 2171 518 2218 quo
543 2153 667 2202 dicit
692 2154 972 2220 scriptura:
1011 2163 1039 2181 ‘⁶
1060 2155 1226 2202 Amat
1259 2154 1497 2203 dominus
1528 2155 1820 2220 gradientes

362 2221 734 2286 simpliciter:”
782 2222 897 2270 ideo
932 2221 1087 2270 laudo
1128 2222 1535 2270 dominationem
1579 2229 1817 2279 vestram,
1854 2247 1873 2276 5

216 2289 547 2338 subtilissime
582 2288 791 2337 domine
826 2289 1084 2354 magister,
1113 2289 1253 2354 quod
1290 2290 1507 2338 scribitis
1548 2290 1673 2337 mihi
1709 2296 1819 2338 tam

217 2355 516 2421 simpliciter
552 2363 862 2421 conceptum
899 2357 1089 2405 mentis
1124 2363 1337 2414 vestrae,
1375 2356 1592 2405 oratorie
1626 2363 1819 2414 tamen,

216 2423 350 2473 sieut
381 2424 500 2471 estis
533 2424 662 2472 bene
695 2423 896 2472 stilatus
920 2423 972 2472 in
996 2423 1317 2473 latinisando.
1390 2423 1508 2489 Ego
1534 2424 1650 2472 volo
1676 2424 1819 2472 vobis

217 2491 374 2540 etiam
418 2490 714 2555 simpliciter
749 2491 964 2539 scribere
1004 2491 1390 2547 rhetoricaliter‚
1432 2498 1485 2540 et
1521 2507 1625 2539 non
1660 2491 1818 2555 poeti-

218 2558 406 2606 caliter.
479 2559 711 2607 Domine
738 2559 983 2623 magister
1011 2559 1437 2615 amicabilissime,
1463 2575 1553 2605 vos
1584 2558 1816 2606 manifes-
1851 2581 1889 2611 10

216 2625 338 2674 tatis
374 2625 500 2673 mihi
535 2626 599 2674 de
635 2642 807 2674 amore
832 2632 1030 2674 vestro:
1068 2643 1164 2691 ego
1200 2626 1355 2673 miror
1389 2626 1529 2690 quod
1558 2642 1661 2673 non
1697 2625 1816 2674 estis

216 2692 530 2757 prudentior,
554 2710 712 2757 quam
736 2693 876 2757 quod
901 2692 1057 2741 vultis
1081 2710 1250 2741 amare
1275 2693 1510 2757 virgines,
1536 2692 1650 2740 dico
1675 2691 1817 2740 vobis

217 2761 356 2824 quod
382 2759 513 2808 male
537 2760 717 2816 facitis,
742 2766 795 2808 et
819 2760 1016 2808 habetis
1040 2759 1360 2826 propositum
1386 2758 1816 2824 peccaminosum‚

217 2827 358 2889 quod
374 2843 463 2874 vos
478 2834 651 2891 posset
670 2827 855 2876 ducere
873 2828 938 2876 ad
957 2828 1229 2876 infernum.
1300 2826 1417 2890 Ego
1437 2826 1658 2890 cogitavi
1677 2827 1818 2891 quod

218 2893 338 2941 estis
363 2892 608 2941 discretus
633 2901 686 2942 et
712 2911 814 2942 non
839 2896 1026 2943 curatis
1051 2895 1173 2942 istas
1196 2894 1449 2948 levitateS‚
1464 2910 1595 2956 quae
1621 2910 1819 2960 semper
1852 2916 1892 2946 15

216 2959 407 3008 habent
427 2960 622 3008 malum
640 2961 856 3010 exitum.
917 2962 1022 3009 Ast
1040 2962 1173 3009 dabo
1192 2960 1335 3008 vobis
1355 2960 1624 3009 consilium
1644 2977 1818 3009 meum

265 3067 291 3087 ⁶⁷
317 3070 382 3103 alb.
407 3080 545 3112 qratia:
577 3081 598 3102 a
623 3069 778 3115 popular
802 3069 983 3105 medieval
1099 3068 1127 3088 ⁶⁸
1152 3081 1223 3103 ana
1236 3081 1248 3103 .·
1273 3069 1331 3103 for
1347 3070 1416 3111 ἀνά,
1432 3070 1469 3104 in
1487 3070 1552 3105 the
1569 3082 1674 3106 sense
1691 3071 1735 3106 of
1748 3072 1819 3106 “so

218 3117 383 3161 remedy,
402 3116 508 3150 made
531 3116 573 3150 of
592 3116 657 3151 the
682 3116 818 3162 chalky
835 3122 983 3153 excreta
1052 3117 1161 3150 much
1177 3116 1217 3149 of
1230 3116 1353 3158 each‚''
1370 3117 1584 3164 frequently
1598 3119 1688 3153 used
1701 3119 1739 3153 in
1758 3118 1819 3153 old

216 3164 259 3199 of
273 3164 411 3208 hyenas
427 3162 499 3196 and
517 3163 625 3197 other
641 3165 844 3199 carnivora.
1051 3164 1322 3209 prescriptions.

980 3225 1039 3270 87
