2247 3637
429 570 467 599 65

430 907 468 937 70

429 2055 467 2084 10

431 2393 468 2422 15

504 249 970 306 EPISTOLAE
1034 248 1625 306 OBSCURORUM
1680 247 2088 305 VIRORUM

500 364 577 405 est
602 357 677 405 vir
701 357 849 405 valde
873 357 1097 414 zelosus;
1133 363 1185 405 et
1211 357 1361 404 credo
1389 357 1528 420 quod
1557 357 1640 405 isti
1675 357 1882 404 iuristae
1917 362 1971 403 et
2006 355 2089 403 alii

499 424 704 489 fingunt
728 425 864 482 talia,
890 431 943 473 et
965 424 1146 472 doctor
1174 423 1432 472 Reuchlin
1468 424 1561 472 scit
1595 424 1714 489 ipsis
1749 423 1822 471 ita
1859 421 2088 478 blandiri,

501 492 621 554 quia
666 492 822 539 etiam
869 491 1041 538 audivi
1093 491 1231 553 quod
1289 490 1484 539 multae
1541 490 1789 547 civitates,
1838 497 1891 538 et
1937 488 2090 536 multi

500 558 766 622 principes,
798 575 853 606 ac
885 557 1078 605 domini
1107 556 1416 622 scripserunt
1450 575 1540 622 pro
1576 574 1650 605 eo.
1723 559 1797 606 Et
1832 563 1909 604 est
1944 556 2089 612 ratio,

502 624 621 688 quia
649 642 751 673 non
782 632 902 673 sunt
930 625 980 673 in
1012 623 1272 688 theologia
1307 623 1557 680 instructi,
1582 631 1634 673 et
1663 641 1766 672 non
1795 624 2090 687 intelligunt

500 692 727 740 factum:
776 691 895 739 alias
938 691 1295 755 permitterent
1341 691 1498 740 istum
1546 692 1859 740 haereticum
1907 691 2092 738 habere

502 758 780 814 diabolum,
807 759 925 821 quia
949 765 1025 806 est
1051 765 1227 806 contra
1250 758 1420 815 fidem,
1447 759 1601 807 etiam
1626 759 1666 806 si
1693 765 1836 807 totus
1866 757 2091 805 mundus

501 825 689 874 diceret
715 825 1038 873 contrarium.
1100 826 1207 873 Vos
1227 825 1422 874 debetis
1448 826 1544 874 ista
1568 826 1741 874 statim
1767 824 2093 873 manifestare

501 893 753 956 magistris
795 892 979 940 nostris
1020 891 1072 939 in
1109 892 1339 950 Colonia,
1375 894 1515 956 quod
1550 893 1720 941 sciunt
1761 909 1937 957 capere
1974 908 2092 940 con-

500 959 684 1007 silium.
779 959 854 1007 Et
902 959 1130 1007 scribatis
1177 959 1302 1007 mihi
1348 960 1471 1023 quid
1519 960 1701 1008 volunt
1746 960 1923 1008 facere.
2019 958 2094 1006 Et

500 1026 665 1074 valete
689 1026 741 1073 in
767 1026 987 1074 Christo.

606 1110 758 1147 Datum
779 1112 820 1146 in
840 1110 1036 1147 TUBmGA.

1220 1251 1369 1299 XIII

662 1372 725 1420 CI
763 1371 842 1420 M.
885 1371 1316 1420 CONRADUS
1344 1373 1462 1419 DE
1494 1372 1772 1421 ZUICCA
1789 1372 1921 1420 VIA

652 1472 655 1474 —
1048 1440 1098 1486 S.
1127 1440 1199 1486 D.
1228 1440 1306 1486 M.
1340 1440 1554 1488 Ortw‘no

595 1571 773 1619 ICUT
801 1570 1065 1637 scripsistis
1090 1572 1213 1620 mihi
1239 1573 1377 1636 quod
1403 1590 1506 1621 non
1530 1574 1747 1637 amplius
1774 1574 1960 1621 curatis
1985 1572 2094 1620 illas

626 1638 875 1693 levitates,
904 1645 955 1686 et
981 1656 1083 1686 non
1109 1640 1326 1704 amplius
1353 1641 1507 1688 vultis
1537 1658 1706 1688 amare
1736 1639 1987 1696 mulieres,
2014 1640 2095 1687 vel

499 1721 798 1769 supponere,
826 1705 920 1753 nisi
946 1706 997 1752 in
1023 1722 1196 1754 mense
1223 1707 1393 1763 semel,
1421 1714 1510 1755 aut
1536 1707 1627 1763 bis,
1654 1724 1749 1772 ego
1775 1708 1931 1755 miror
1954 1707 2094 1770 quod

499 1771 621 1820 talia
662 1772 892 1821 scribitis.
966 1773 1164 1821 Tamen
1200 1790 1296 1837 ego
1332 1774 1434 1822 scio
1477 1775 1801 1822 contrarium.
1875 1773 1972 1821 Est
2013 1774 2096 1822 hic

500 1856 632 1887 unus
674 1840 836 1887 socius
879 1839 967 1902 qui
1004 1857 1166 1905 nuper
1203 1841 1343 1888 venit
1385 1858 1447 1889 ex
1493 1842 1720 1898 Colonia,
1759 1848 1811 1889 et
1852 1842 1981 1889 bene
2017 1847 2095 1889 est

501 1906 643 1953 vobis
672 1913 840 1961 notus,
869 1913 920 1954 et
956 1907 1056 1954 fuit
1092 1908 1248 1955 etiam
1285 1925 1482 1973 semper
1517 1909 1586 1956 ibi
1624 1909 1902 1956 vobiscum.
1977 1908 2096 1973 Ipse

501 1972 626 2020 dicit
661 1974 799 2036 quod
836 1974 1121 2038 supponitis
1158 1992 1372 2022 uxorem
1411 1975 1616 2024 Ioannis
1653 1976 2005 2024 Pfefferkorn:
2043 1981 2095 2023 et

501 2039 633 2087 dixit
680 2039 803 2088 mihi
852 2042 1112 2098 veraciter,
1155 2048 1208 2089 et
1247 2041 1447 2100 iuravit,
1492 2050 1545 2090 et
1591 2060 1685 2108 ego
1728 2043 1877 2091 credo
1920 2042 2090 2090 etiam.

501 2106 639 2162 Quia
682 2123 770 2154 vos
818 2108 936 2155 estis
979 2108 1126 2156 valde
1167 2108 1461 2166 amicabilis,
1505 2117 1558 2158 et
1599 2111 1755 2159 etiam
1798 2110 1934 2157 scitis
1975 2109 2095 2157 dare

502 2174 635 2221 bona
659 2175 823 2222 verba.
897 2174 970 2222 Et
1001 2192 1119 2223 cum
1149 2175 1245 2223 hoc
1276 2177 1413 2224 scitis
1447 2178 1669 2241 perfecte
1698 2183 1861 2225 artem
1890 2176 2095 2224 amandi

502 2257 565 2288 ex
597 2240 798 2288 Ovidio.
872 2240 1048 2289 Etiam
1086 2242 1216 2290 dixit
1254 2243 1377 2291 mihi
1414 2244 1626 2307 quidam
1664 2250 1930 2298 mercator,
1956 2243 2095 2306 quod

502 2307 682 2355 dicunt
730 2308 974 2356 Coloniae
1021 2309 1159 2372 quod
1211 2311 1454 2374 magister
1502 2317 1674 2359 noster
1720 2310 1985 2358 Arnoldus
2032 2309 2097 2358 de

503 2375 756 2438 Tungaris
804 2374 958 2423 etiam
1001 2376 1243 2440 supponit
1291 2394 1438 2434 eam3
1487 2379 1572 2425 sed
1615 2378 1711 2426 hoc
1753 2395 1856 2426 non
1899 2393 2094 2433 verum,

501 2440 622 2503 quia
662 2458 757 2505 ego
793 2441 895 2489 scio
931 2442 1175 2491 veraciter
1209 2445 1347 2506 quod
1384 2445 1490 2508 ipse
1526 2445 1692 2492 adhuc
1734 2452 1811 2492 est
1847 2445 2005 2507 virgo,
2044 2449 2097 2491 et

551 2554 578 2572 ⁶⁴
603 2557 723 2589 audit-i
741 2557 842 2598 quod,
864 2556 929 2589 &a
970 2555 1152 2589 Reuchlin
1171 2556 1263 2589 hi1n-
1382 2556 1407 2575 ¹⁶
1436 2560 1537 2600 nir-90.
1581 2557 1625 2591 In
1643 2569 1743 2592 some
1762 2569 1882 2592 verses
1900 2556 2093 2602 appended

503 2601 583 2645 self,
603 2603 640 2635 in
662 2614 682 2635 a
706 2601 817 2636 letter
843 2607 881 2636 to
908 2602 979 2636 Leo
998 2603 1055 2644 X„
1076 2602 1177 2637 June
1206 2604 1260 2645 13,
1333 2608 1371 2638 to
1395 2604 1458 2638 the
1484 2604 1811 2638 “Lamentationes
1841 2604 2093 2638 Obscnrorum

508 2650 613 2692 1515,
648 2650 833 2683 mentions
874 2661 1009 2694 among
1049 2649 1105 2682 his
1146 2651 1263 2684 active
1333 2651 1505 2684 Virorum
1525 2650 1548 2663 ''
1622 2651 1785 2685 «Ioannes
1859 2649 2096 2685 Murmellius

503 2700 716 2741 supporters
734 2696 797 2730 the
819 2696 995 2741 Emperor
1021 2695 1264 2739 Maximilian,
1333 2698 1574 2741 (1479-1517)
1615 2710 1697 2742 says
1741 2698 1782 2732 of
1827 2697 1971 2732 Arnold
2020 2709 2092 2732 von

502 2743 566 2776 the
594 2743 748 2788 Bishops
778 2743 820 2776 of
844 2743 1042 2787 strasburg·
1070 2744 1142 2776 and
1169 2743 1262 2777 Con·
1332 2745 1578 2789 Tongernz—

502 2794 642 2833 stance,
684 2790 747 2824 the
790 2789 938 2824 Elector
990 2790 1184 2824 Frederick
1226 2790 1268 2823 of

503 2837 659 2882 Saxony,
673 2836 811 2878 Ulrich,
828 2837 932 2871 Duke
947 2837 987 2871 of
995 2837 1264 2881 qurtemburg

501 2883 776 2926 (Masterofthe
787 2884 966 2918 'l'entonic
978 2883 1125 2927 Order),
1137 2884 1262 2918 fifteen

503 2930 635 2964 mitred
654 2930 782 2964 abbots
795 2931 962 2974 (infidam
978 2931 1176 2974 ,qestantesx
1189 2931 1261 2964 and

503 2975 706 3021 fifty-three
725 2977 836 3022 burgs
854 2977 1039 3021 (civitates)
1053 2979 1090 3011 in
1112 2978 1261 3011 Swabia.

550 3022 576 3040 ¹³
604 3025 730 3058 Ovidis».
776 3024 818 3057 In
836 3025 856 3058 i.
872 3024 1053 3058 9Conrad
1072 3024 1147 3058 also
1166 3025 1263 3058 twits
1336 3023 1568 3058 Mnrmellius
1595 3023 1665 3057 had
1693 3023 1785 3057 been
1811 3035 1832 3057 a
1857 3022 1957 3068 pupil
1989 3022 2031 3056 of
2052 3021 2096 3054 A.

502 3068 644 3103 Ortwin
676 3070 761 3104 with
793 3071 903 3116 being
930 3083 976 3105 an
1002 3072 1191 3117 authority
1217 3084 1262 3105 on
1334 3082 1404 3104 von
1446 3071 1499 3113 T„
1541 3070 1612 3104 and
1654 3071 1691 3104 in
1733 3070 1789 3104 his
1825 3066 2094 3114 “Stxoparius,'¹

503 3116 608 3150 ovid.
1335 3118 1480 3152 written
1506 3117 1650 3162 shortly
1676 3117 1799 3152 before
1824 3117 1880 3150 his
1905 3116 2027 3158 death,
2052 3115 2097 3149 he

1261 3180 1322 3220 38

1335 2814 1552 2848 '‘Externas
1585 2813 1691 2857 cujus
1723 2813 1834 2858 longe
1864 2814 2031 2859 pervenit
2057 2815 2095 2848 in

1426 2861 1534 2894 urbes

1372 2908 1612 2965 Nomen,net
1651 2908 1806 2951 insignis
1853 2908 1949 2941 fama
1991 2907 2096 2953 pudi-

1427 2966 1547 2989 cleiae.
