2247 3637
383 353 421 383 50

384 685 422 715 55

385 1021 423 1050 60

383 1356 422 1385 65

384 1696 421 1726 70

385 2030 421 2061 75

383 2367 421 2397 80

456 227 927 284 EPISTOLAE
990 224 1581 283 OBSCURORUM
1636 224 2045 282 VIRORUM

455 337 606 385 istam
648 336 883 384 iniuriam
925 336 1043 383 dare
1080 352 1173 399 pro
1212 334 1394 399 viginti
1431 335 1644 384 florenis,
1717 335 1927 382 Dicitur
1964 334 2045 383 hic

454 404 591 467 quod
616 419 794 451 omnes
817 409 999 467 poetae
1024 402 1206 450 volunt
1231 408 1363 450 stare
1388 419 1506 450 curn
1537 403 1746 450 doctore
1788 401 2045 450 Reuchlin

455 477 632 518 contra
655 470 959 534 Theologos‚
985 475 1039 517 et
1075 469 1214 533 quod
1251 485 1381 516 unus
1416 469 1517 516 iam
1555 468 1845 534 composuit
1881 485 2045 516 unum

455 538 640 585 librum
677 537 765 600 qui
803 542 1016 584 vocatur
1049 535 1365 600 Triumphus
1405 537 1694 600 Capnionis,
1722 542 1774 584 et
1816 536 2047 583 continet

454 604 619 652 multa
643 604 877 652 scandala
910 603 1065 651 etiarn
1099 604 1162 651 de
1187 603 1342 651 vobis.
1415 603 1633 651 Utinam
1659 618 1838 651 omnes
1861 608 2045 667 poetae

455 677 622 719 essent
669 671 739 719 ibi
785 671 873 718 ubi
910 670 1053 734 piper
1094 670 1288 726 crescit,
1330 671 1468 733 quod
1506 670 1826 718 dimitterent
1864 686 1955 717 nos
1994 669 2046 716 in

455 754 592 803 pace,
618 738 738 801 quia
761 737 1052 785 timendum
1077 743 1154 785 est
1178 737 1317 800 quod
1347 737 1587 785 Facultas
1612 737 1835 785 artistica
1859 736 2045 801 peribit

455 811 664 869 propter
710 804 820 852 illos
868 811 1075 868 poetas;
1128 804 1248 868 quia
1293 803 1387 868 ipsi
1427 804 1620 859 dicunt,
1661 805 1798 868 quod
1840 804 2048 852 artistae

455 872 708 920 seducunt
756 871 981 927 iuvenes,
1030 878 1082 919 et
1137 871 1395 936 accipiunt
1443 872 1506 918 ab
1555 870 1624 919 eis
1670 871 1944 936 pecuniam
1992 877 2044 918 et

454 939 651 987 faciunt
696 954 781 986 eos
829 938 1180 986 baccalaureos
1226 944 1279 986 et
1321 938 1606 1002 magistros,
1647 938 1802 985 etiam
1842 938 1881 986 si
1919 937 2045 985 nihil

456 1006 638 1054 sciunt.
712 1005 784 1053 Et
822 1005 923 1052 iam
954 1006 1187 1054 fecerunt
1221 1006 1360 1069 quod
1398 1005 1646 1053 scholares
1686 1021 1788 1052 non
1828 1004 2046 1069 amplius

457 1073 638 1120 volunt
685 1072 974 1137 promoveri
1021 1073 1073 1120 in
1111 1072 1321 1128 artibUS‚
1364 1073 1451 1120 sed
1498 1089 1674 1120 omnes
1718 1071 1900 1119 volunt
1941 1088 2047 1120 esse

452 1146 647 1205 poetae.
704 1140 821 1204 Ego
840 1139 1002 1187 habeo
1021 1156 1184 1187 unum
1203 1139 1426 1188 amicum
1445 1140 1533 1203 qui
1553 1146 1630 1187 est
1649 1139 1811 1186 bonus
1831 1138 2043 1194 iuvenis,

455 1213 508 1254 et
543 1207 699 1254 habet
732 1207 991 1272 optimum
1025 1206 1304 1271 ingenium,
1330 1214 1382 1255 et
1414 1212 1648 1271 parentes
1682 1206 1758 1254 sui
1796 1206 2047 1254 miserunt

455 1291 575 1322 eum
615 1274 678 1321 ad
718 1273 998 1338 Ingelstad,
1025 1280 1077 1322 et
1110 1290 1206 1339 ego
1230 1273 1347 1322 dedi
1372 1274 1416 1322 ei
1441 1273 1635 1322 litteras
1659 1273 2044 1337 promotoriales

454 1340 518 1388 ad
556 1340 813 1404 quendam
853 1341 1158 1406 magistrum
1205 1340 1293 1404 qui
1340 1341 1469 1389 bene
1518 1347 1593 1389 est
1634 1340 1956 1404 qualificatus
1993 1340 2046 1388 in

455 1407 663 1464 artibus,
689 1414 741 1456 et
765 1425 902 1456 nunc
926 1408 1095 1456 tendit
1126 1408 1396 1473 procedere
1420 1409 1482 1456 ad
1506 1408 1724 1472 gradum
1750 1408 2047 1455 doctoratus

454 1475 505 1521 in
531 1475 841 1539 TheOlogia:
879 1482 1004 1523 tunc
1029 1477 1124 1523 iste
1148 1475 1342 1523 iuvenis
1366 1476 1571 1524 recessit
1595 1475 1659 1522 ab
1684 1475 1771 1522 illo
1801 1475 2045 1539 magistro

455 1548 507 1589 et
526 1541 667 1590 venit
692 1543 754 1589 ad
781 1542 1142 1591 Philomusum
1166 1548 1389 1606 poetam,
1407 1548 1459 1589 et
1483 1542 1629 1590 audit
1652 1542 1896 1590 lectiones
1922 1541 2042 1590 eius.

455 1608 530 1656 Et
554 1609 594 1657 si
620 1608 859 1658 misereor
892 1609 1026 1657 illius
1062 1609 1275 1663 iuvenis,
1302 1610 1584 1657 secundum
1621 1609 1760 1673 quod
1797 1609 2044 1673 scripturn

454 1683 532 1724 est
581 1676 976 1724 Proverbiorum
1025 1677 1220 1724 XIX:
1282 1683 1310 1702 “
1329 1677 1643 1725 Faeneratur
1695 1676 1904 1723 domino
1957 1676 2046 1740 qui

455 1743 723 1791 miseratur
781 1743 1014 1807 pauperis
1031 1744 1082 1799 ”3
1131 1742 1250 1807 quia
1306 1744 1344 1791 si
1393 1743 1581 1791 mansit
1629 1760 1791 1808 usque
1839 1743 1902 1790 ad
1950 1743 2045 1791 hoc

454 1817 657 1874 tempus
673 1810 808 1874 apud
833 1809 979 1857 illum
1004 1811 1323 1875 magistrum,
1341 1817 1465 1857 tunc
1491 1810 1591 1857 iam
1612 1817 1742 1858 esset
1764 1810 2045 1858 baccalaur-

456 1877 545 1924 ius.
621 1877 721 1925 Sed
747 1877 814 1925 sic
841 1877 966 1924 nihil
998 1884 1089 1933 est,
1117 1877 1271 1925 etiam
1298 1877 1338 1925 si
1371 1878 1546 1925 studet
1578 1878 1756 1926 decem
1797 1894 1955 1925 annos
1994 1877 2045 1925 in

454 1944 662 2008 poetria.
735 1944 851 2008 Ego
876 1945 978 1992 scio
1002 1945 1139 2008 quod
1170 1944 1324 1992 etiam
1350 1944 1546 1992 habetis
1580 1945 1768 1992 multas
1794 1961 1946 1992 vexas
1982 1945 2046 1992 ab

454 2011 562 2058 istis
582 2010 743 2075 poetis
770 2012 1120 2059 saecularibus.
1193 2011 1446 2066 Quamvis
1471 2012 1608 2059 enim
1634 2028 1722 2059 vos
1747 2011 1866 2060 estis
1891 2011 2046 2059 etiam

454 2083 618 2141 poeta,
638 2084 812 2126 tamen
832 2095 933 2126 non
953 2078 1071 2126 estis
1095 2078 1210 2126 talis
1234 2085 1400 2143 poeta.
1476 2079 1576 2127 Sed
1603 2096 1690 2127 vos
1714 2079 1901 2126 tenetis
1928 2095 2044 2127 cum

454 2144 678 2200 ecclesia,
705 2151 757 2192 et
782 2162 899 2192 cum
932 2146 1026 2193 hoc
1060 2145 1178 2194 estis
1215 2146 1344 2194 bene
1375 2146 1621 2194 fundatus
1657 2146 1709 2194 in
1747 2146 2041 2210 '1¹heologia.

454 2212 527 2259 Et
546 2212 750 2275 quando
771 2212 1054 2277 compilatis
1081 2212 1319 2269 carmina,
1338 2219 1463 2261 tunc
1488 2230 1591 2261 non
1617 2219 1736 2260 sunt
1762 2214 1824 2261 de
1851 2213 2046 2260 vanita-

453 2279 606 2335 tibus,
633 2279 720 2327 sed
745 2280 808 2327 de
832 2279 1066 2327 laudibus
1092 2286 1400 2328 sanctorum.
1474 2280 1837 2328 Libentissime
1861 2280 2045 2328 vellem

456 2346 578 2394 scire
636 2347 896 2409 quomodo
955 2353 1111 2394 staret
1168 2347 1440 2411 negocium
1507 2347 1596 2394 illu
1659 2364 1776 2394 cum
1838 2348 2046 2395 doctore

455 2412 725 2460 Reuchlin.
800 2413 853 2460 Si
873 2430 1080 2477 possum
1099 2413 1150 2460 in
1170 2413 1263 2461 hoc
1284 2413 1423 2461 utilis
1443 2431 1548 2462 esse
1570 2414 1727 2468 vobis,
1748 2420 1874 2461 tunc
1894 2413 2043 2478 signi-

454 2481 605 2527 ficate
629 2479 752 2527 mihi
777 2486 830 2528 et
855 2481 1004 2528 simul
1031 2480 1258 2528 scribatis
1283 2480 1407 2527 mihi
1432 2480 1616 2528 omnia.
1690 2481 1763 2528 Et
1788 2481 1984 2529 Valete.

500 2581 529 2601 ⁵³
556 2583 789 2625 Triumphus:
826 2592 895 2615 von
933 2580 1107 2614 Hutten's
1143 2582 1214 2614 Tri.

456 2631 562 2673 Capu.
602 2641 672 2663 was
713 2633 780 2663 not
818 2627 980 2673 actually
1022 2627 1215 2672 published

455 2676 551 2710 until
593 2677 695 2719 1517,
733 2675 851 2709 under
887 2675 951 2709 the
989 2676 1214 2719 pseuslonym

454 2724 496 2757 of
525 2723 799 2757 “Eleutherius
833 2722 1055 2766 Byzenus⁷';
1098 2721 1164 2755 but
1196 2733 1216 2754 a

454 2783 546 2815 copy
572 2771 643 2804 had
667 2769 886 2815 apparently
913 2769 1003 2803 been
1029 2769 1152 2801 shown
1178 2773 1217 2801 to

457 2818 628 2851 Erasmus
644 2829 683 2851 as
700 2817 802 2861 early
818 2828 856 2850 as
884 2817 982 2850 1514.
1035 2815 1218 2849 &Vhether

454 2864 527 2897 this
545 2865 574 2898 is
592 2864 765 2898 identical
784 2863 869 2897 with
897 2862 1053 2896 another
1081 2863 1217 2896 Trium-

453 2912 556 2953 phus,
576 2911 623 2956 by
641 2911 669 2928 “
683 2910 816 2944 Accius
834 2909 1033 2952 Neobius‚”
1053 2909 1216 2942 ascribed

456 2958 501 3002 by
518 2958 662 2991 Mutian
679 2963 719 2991 to
737 2957 929 2998 Buschius‚
948 2958 976 2989 is
995 2956 1198 2990 uncertain.

501 3004 528 3022 ⁵⁵
553 3007 651 3046 piper
664 3016 676 3038 .·
703 3005 730 3021 “
745 3016 797 3037 wo
816 3005 881 3037 der
901 3004 1034 3038 Pfeffer
1048 3002 1218 3045 wael1st‚''

457 3052 485 3084 is
531 3050 608 3084 still
654 3063 674 3084 a
719 3051 878 3085 German
925 3050 1137 3094 equivalent
1181 3050 1222 3083 of

457 3098 482 3115 “
497 3097 679 3131 .7ericho.’'
712 3098 754 3131 111
766 3098 829 3132 the
851 3099 967 3131 Vocab.
985 3099 1219 3140 Brevdoquus,

1212 3158 1273 3199 68

1282 2593 1358 2624 sm,
1375 2593 1427 2615 we
1445 2581 1547 2616 learu
1566 2582 1648 2615 that
1668 2582 1693 2600 “
1706 2583 1809 2627 piper
1821 2582 1839 2597 '⁵
1853 2583 1882 2617 is
1896 2584 2044 2618 derived

1284 2629 1377 2662 from
1419 2629 1446 2645 “
1459 2629 1560 2673 pyr,'⁷
1606 2629 1669 2662 fire
1687 2640 1694 2670 ;
1747 2630 1819 2663 and
1862 2631 1945 2664 that
1982 2631 2045 2666 the

1284 2680 1528 2720 pepper-tree,
1566 2676 1681 2709 which
1728 2688 1845 2720 grows
1889 2689 1935 2711 on
1981 2678 2045 2712 the

1283 2721 1404 2766 slopes
1421 2723 1463 2755 of
1477 2722 1669 2765 Caucasus,
1688 2724 1716 2756 is
1729 2724 1892 2767 guarded
1913 2724 1959 2770 by
1973 2737 2046 2759 ser-

1286 2773 1392 2814 pents
1410 2769 1491 2802 that
1509 2769 1600 2803 have
1618 2774 1656 2803 to
1675 2770 1718 2803 he
1737 2771 1862 2804 driven
1880 2783 1981 2816 away
2000 2773 2046 2810 bv

1286 2816 1349 2849 fire
1367 2827 1428 2849 ere
1446 2816 1509 2849 the
1529 2817 1619 2849 fruit
1633 2828 1699 2850 can
1719 2817 1761 2851 be
1778 2818 1968 2862 gathered.
2024 2811 2032 2817 ’

1332 2860 1359 2879 ⁶⁸
1390 2864 1630 2896 l'hz'lomnfflcs:
1648 2866 1699 2898 i.e.
1715 2864 1875 2898 Jacobus
1895 2865 2046 2907 Locher,

1285 2909 1348 2942 the
1382 2909 1582 2943 translator
1612 2911 1690 2944 into
1722 2911 1826 2945 Latin
1857 2911 1979 2956 (1497)
2009 2913 2051 2946 of

1285 2955 1474 2989 Sebastiam
1512 2957 1653 2990 Brant's
1688 2960 1946 3001 Narrmzsvhiffi
1973 2959 2044 2993 and

1285 3014 1469 3036 successor
1486 3008 1525 3036 to
1544 3003 1688 3037 Conrad
1708 3005 1823 3039 Celtis
1842 3007 1878 3038 in
1893 3005 1949 3039 his
1963 3017 2045 3051 pro-

1286 3049 1450 3083 fessorial
1468 3050 1570 3083 chair
1583 3055 1620 3084 at
1639 3051 1855 3095 Ingolstadt.

1332 3095 1359 3114 ⁷⁰
1386 3098 1511 3131 Prota:
1536 3099 1607 3131 xix.
1629 3099 1680 3133 17.
