<?xml version="1.0" encoding="UTF-8"?>
<!DOCTYPE html PUBLIC "-//W3C//DTD XHTML 1.0 Transitional//EN"
    "http://www.w3.org/TR/xhtml1/DTD/xhtml1-transitional.dtd">
<html xmlns="http://www.w3.org/1999/xhtml" xml:lang="en" lang="en">
 <head>
  <title>
</title>
<meta http-equiv="Content-Type" content="text/html;charset=utf-8" />
  <meta name='ocr-system' content='tesseract 3.04.00' />
  <meta name='ocr-capabilities' content='ocr_page ocr_carea ocr_par ocr_line ocrx_word'/>
</head>
<body>
  <div class='ocr_page' id='page_1' title='image "./epistolaeobscuro00huttuoft_0156.png"; bbox 0 0 2247 3637; ppageno 0'>
   <div class='ocr_carea' id='block_1_1' title="bbox 333 366 372 396">
    <p class='ocr_par' dir='ltr' id='par_1_1' title="bbox 333 366 372 396">
     <span class='ocr_line' id='line_1_1' title="bbox 333 366 372 396; baseline -0.026 0"><span class='ocrx_word' id='word_1_1' title='bbox 333 366 372 396; x_wconf 91' lang='grc'>55</span> 
     </span>
    </p>
   </div>
   <div class='ocr_carea' id='block_1_2' title="bbox 334 702 372 731">
    <p class='ocr_par' dir='ltr' id='par_1_2' title="bbox 334 702 372 731">
     <span class='ocr_line' id='line_1_2' title="bbox 334 702 372 731; baseline 0 0"><span class='ocrx_word' id='word_1_2' title='bbox 334 702 372 731; x_wconf 87' lang='grc'>60</span> 
     </span>
    </p>
   </div>
   <div class='ocr_carea' id='block_1_3' title="bbox 335 1037 373 1067">
    <p class='ocr_par' dir='ltr' id='par_1_3' title="bbox 335 1037 373 1067">
     <span class='ocr_line' id='line_1_3' title="bbox 335 1037 373 1067; baseline 0.026 -1"><span class='ocrx_word' id='word_1_3' title='bbox 335 1037 373 1067; x_wconf 89' lang='grc'>65</span> 
     </span>
    </p>
   </div>
   <div class='ocr_carea' id='block_1_4' title="bbox 335 1371 372 1401">
    <p class='ocr_par' dir='ltr' id='par_1_4' title="bbox 335 1371 372 1401">
     <span class='ocr_line' id='line_1_4' title="bbox 335 1371 372 1401; baseline -0.054 0"><span class='ocrx_word' id='word_1_4' title='bbox 335 1371 372 1401; x_wconf 79' lang='lat'>70</span> 
     </span>
    </p>
   </div>
   <div class='ocr_carea' id='block_1_5' title="bbox 336 1706 374 1736">
    <p class='ocr_par' dir='ltr' id='par_1_5' title="bbox 336 1706 374 1736">
     <span class='ocr_line' id='line_1_5' title="bbox 336 1706 374 1736; baseline -0.053 0"><span class='ocrx_word' id='word_1_5' title='bbox 336 1706 374 1736; x_wconf 73' lang='lat'>75</span> 
     </span>
    </p>
   </div>
   <div class='ocr_carea' id='block_1_6' title="bbox 339 2039 376 2068">
    <p class='ocr_par' dir='ltr' id='par_1_6' title="bbox 339 2039 376 2068">
     <span class='ocr_line' id='line_1_6' title="bbox 339 2039 376 2068; baseline 0 0"><span class='ocrx_word' id='word_1_6' title='bbox 339 2039 376 2068; x_wconf 80' lang='lat'>80</span> 
     </span>
    </p>
   </div>
   <div class='ocr_carea' id='block_1_7' title="bbox 341 2386 379 2416">
    <p class='ocr_par' dir='ltr' id='par_1_7' title="bbox 341 2386 379 2416">
     <span class='ocr_line' id='line_1_7' title="bbox 341 2386 379 2416; baseline 0.026 -1"><span class='ocrx_word' id='word_1_7' title='bbox 341 2386 379 2416; x_wconf 86' lang='grc'>85</span> 
     </span>
    </p>
   </div>
   <div class='ocr_carea' id='block_1_8' title="bbox 403 232 1992 291">
    <p class='ocr_par' dir='ltr' id='par_1_8' title="bbox 403 232 1992 291">
     <span class='ocr_line' id='line_1_8' title="bbox 403 232 1992 291; baseline -0.003 -1"><span class='ocrx_word' id='word_1_8' title='bbox 403 234 872 290; x_wconf 85' lang='lat' dir='ltr'>EPISTOLAE</span> <span class='ocrx_word' id='word_1_9' title='bbox 936 232 1528 291; x_wconf 81' lang='lat' dir='ltr'>OBSCURORUM</span> <span class='ocrx_word' id='word_1_10' title='bbox 1585 232 1992 289; x_wconf 84' lang='lat' dir='ltr'>VIRORUM</span> 
     </span>
    </p>
   </div>
   <div class='ocr_carea' id='block_1_9' title="bbox 402 340 2003 2336">
    <p class='ocr_par' dir='ltr' id='par_1_9' title="bbox 402 340 2003 2336">
     <span class='ocr_line' id='line_1_9' title="bbox 402 340 1996 409; baseline -0.002 -18"><span class='ocrx_word' id='word_1_11' title='bbox 402 344 524 409; x_wconf 90' lang='lat' dir='ltr'>quia</span> <span class='ocrx_word' id='word_1_12' title='bbox 548 359 779 391; x_wconf 90' lang='lat' dir='ltr'>summus</span> <span class='ocrx_word' id='word_1_13' title='bbox 808 343 1040 406; x_wconf 81' lang='lat' dir='ltr'>pontifex</span> <span class='ocrx_word' id='word_1_14' title='bbox 1073 341 1226 388; x_wconf 85' lang='lat' dir='ltr'>habet</span> <span class='ocrx_word' id='word_1_15' title='bbox 1259 346 1570 404; x_wconf 89' lang='lat' dir='ltr'>potestatem</span> <span class='ocrx_word' id='word_1_16' title='bbox 1603 340 1794 405; x_wconf 84' lang='lat' dir='ltr'>ligandi</span> <span class='ocrx_word' id='word_1_17' title='bbox 1818 347 1871 388; x_wconf 94' lang='lat' dir='ltr'>et</span> <span class='ocrx_word' id='word_1_18' title='bbox 1900 340 1996 388; x_wconf 93' lang='lat' dir='ltr'>sol-</span> 
     </span>
     <span class='ocr_line' id='line_1_10' title="bbox 404 406 1997 474; baseline -0.003 -15"><span class='ocrx_word' id='word_1_19' title='bbox 404 410 571 466; x_wconf 90' lang='lat' dir='ltr'>vendi,</span> <span class='ocrx_word' id='word_1_20' title='bbox 610 417 663 458; x_wconf 87' lang='lat' dir='ltr'>et</span> <span class='ocrx_word' id='word_1_21' title='bbox 703 415 874 474; x_wconf 84' lang='lat' dir='ltr'>potest</span> <span class='ocrx_word' id='word_1_22' title='bbox 915 426 1078 457; x_wconf 90' lang='lat' dir='ltr'>unum</span> <span class='ocrx_word' id='word_1_23' title='bbox 1120 406 1349 471; x_wconf 89' lang='lat' dir='ltr'>spurium</span> <span class='ocrx_word' id='word_1_24' title='bbox 1391 407 1556 455; x_wconf 88' lang='lat' dir='ltr'>facere</span> <span class='ocrx_word' id='word_1_25' title='bbox 1596 407 1904 471; x_wconf 81' lang='lat' dir='ltr'>legitimum,</span> <span class='ocrx_word' id='word_1_26' title='bbox 1944 413 1997 455; x_wconf 85' lang='lat' dir='ltr'>et</span> 
     </span>
     <span class='ocr_line' id='line_1_11' title="bbox 402 474 1998 540; baseline -0.003 -15"><span class='ocrx_word' id='word_1_27' title='bbox 402 484 624 526; x_wconf 87' lang='lat' dir='ltr'>econtra.</span> <span class='ocrx_word' id='word_1_28' title='bbox 699 477 799 524; x_wconf 85' lang='lat' dir='ltr'>Sed</span> <span class='ocrx_word' id='word_1_29' title='bbox 824 493 919 540; x_wconf 83' lang='lat' dir='ltr'>ego</span> <span class='ocrx_word' id='word_1_30' title='bbox 944 475 1060 523; x_wconf 87' lang='lat' dir='ltr'>volo</span> <span class='ocrx_word' id='word_1_31' title='bbox 1085 474 1296 538; x_wconf 88' lang='lat' dir='ltr'>probare</span> <span class='ocrx_word' id='word_1_32' title='bbox 1321 490 1383 521; x_wconf 84' lang='lat' dir='ltr'>ex</span> <span class='ocrx_word' id='word_1_33' title='bbox 1409 474 1690 539; x_wconf 85' lang='lat' dir='ltr'>evangelio,</span> <span class='ocrx_word' id='word_1_34' title='bbox 1715 474 1853 538; x_wconf 91' lang='lat' dir='ltr'>quod</span> <span class='ocrx_word' id='word_1_35' title='bbox 1878 474 1998 522; x_wconf 89' lang='lat' dir='ltr'>estis</span> 
     </span>
     <span class='ocr_line' id='line_1_12' title="bbox 404 540 1999 610; baseline -0.003 -18"><span class='ocrx_word' id='word_1_36' title='bbox 404 545 588 610; x_wconf 83' lang='lat' dir='ltr'>dignus</span> <span class='ocrx_word' id='word_1_37' title='bbox 626 544 915 609; x_wconf 89' lang='lat' dir='ltr'>vituperari.</span> <span class='ocrx_word' id='word_1_38' title='bbox 994 541 1133 598; x_wconf 82' lang='lat' dir='ltr'>Quia</span> <span class='ocrx_word' id='word_1_39' title='bbox 1169 540 1414 605; x_wconf 87' lang='lat' dir='ltr'>scriptum</span> <span class='ocrx_word' id='word_1_40' title='bbox 1452 548 1557 590; x_wconf 81' lang='lat' dir='ltr'>est:</span> <span class='ocrx_word' id='word_1_41' title='bbox 1597 551 1727 605; x_wconf 83' lang='lat' dir='ltr'>‘qua</span> <span class='ocrx_word' id='word_1_42' title='bbox 1761 558 1999 589; x_wconf 87' lang='lat' dir='ltr'>mensura</span> 
     </span>
     <span class='ocr_line' id='line_1_13' title="bbox 403 607 1999 666; baseline -0.003 -7"><span class='ocrx_word' id='word_1_43' title='bbox 403 610 831 666; x_wconf 87' lang='lat' dir='ltr'>mensuraveritis,</span> <span class='ocrx_word' id='word_1_44' title='bbox 852 610 1030 658; x_wconf 89' lang='lat' dir='ltr'>eadem</span> <span class='ocrx_word' id='word_1_45' title='bbox 1055 607 1432 655; x_wconf 77' lang='lat' dir='ltr'>mensurabitur</span> <span class='ocrx_word' id='word_1_46' title='bbox 1461 615 1513 656; x_wconf 94' lang='lat' dir='ltr'>et</span> <span class='ocrx_word' id='word_1_47' title='bbox 1538 609 1712 657; x_wconf 84' lang='lat' dir='ltr'>vobis.’</span> <span class='ocrx_word' id='word_1_48' title='bbox 1783 608 1885 656; x_wconf 89' lang='lat' dir='ltr'>Sed</span> <span class='ocrx_word' id='word_1_49' title='bbox 1909 625 1999 656; x_wconf 85' lang='lat' dir='ltr'>vos</span> 
     </span>
     <span class='ocr_line' id='line_1_14' title="bbox 404 674 1999 740; baseline -0.003 -13"><span class='ocrx_word' id='word_1_50' title='bbox 404 678 710 727; x_wconf 87' lang='lat' dir='ltr'>mensuratis</span> <span class='ocrx_word' id='word_1_51' title='bbox 726 693 962 725; x_wconf 87' lang='lat' dir='ltr'>mensura</span> <span class='ocrx_word' id='word_1_52' title='bbox 986 674 1374 739; x_wconf 75' lang='lat' dir='ltr'>vituperationis</span> <span class='ocrx_word' id='word_1_53' title='bbox 1394 692 1403 723; x_wconf 74' lang='grc' dir='ltr'>ε</span> <span class='ocrx_word' id='word_1_54' title='bbox 1441 693 1562 740; x_wconf 84' lang='lat' dir='ltr'>ergo</span> <span class='ocrx_word' id='word_1_55' title='bbox 1581 676 1738 724; x_wconf 90' lang='lat' dir='ltr'>etiam</span> <span class='ocrx_word' id='word_1_56' title='bbox 1757 675 1825 723; x_wconf 90' lang='lat' dir='ltr'>sic</span> <span class='ocrx_word' id='word_1_57' title='bbox 1845 675 1999 723; x_wconf 91' lang='lat' dir='ltr'>debet</span> 
     </span>
     <span class='ocr_line' id='line_1_15' title="bbox 403 742 2000 807; baseline -0.003 -13"><span class='ocrx_word' id='word_1_58' title='bbox 403 746 683 794; x_wconf 90' lang='lat' dir='ltr'>mensurari</span> <span class='ocrx_word' id='word_1_59' title='bbox 709 744 865 792; x_wconf 78' lang='lat' dir='ltr'>vobis,</span> <span class='ocrx_word' id='word_1_60' title='bbox 938 742 1115 790; x_wconf 83' lang='lat' dir='ltr'>Etiam</span> <span class='ocrx_word' id='word_1_61' title='bbox 1146 742 1306 807; x_wconf 89' lang='lat' dir='ltr'>probo</span> <span class='ocrx_word' id='word_1_62' title='bbox 1337 759 1425 806; x_wconf 92' lang='lat' dir='ltr'>per</span> <span class='ocrx_word' id='word_1_63' title='bbox 1457 742 1623 791; x_wconf 86' lang='lat' dir='ltr'>aliud:</span> <span class='ocrx_word' id='word_1_64' title='bbox 1660 743 1781 806; x_wconf 90' lang='lat' dir='ltr'>quia</span> <span class='ocrx_word' id='word_1_65' title='bbox 1812 742 2000 790; x_wconf 87' lang='lat' dir='ltr'>dicitur</span> 
     </span>
     <span class='ocr_line' id='line_1_16' title="bbox 402 809 1996 862; baseline -0.004 0"><span class='ocrx_word' id='word_1_66' title='bbox 402 831 430 861; x_wconf 89' lang='lat' dir='ltr'>a</span> <span class='ocrx_word' id='word_1_67' title='bbox 454 814 663 862; x_wconf 90' lang='lat' dir='ltr'>domino</span> <span class='ocrx_word' id='word_1_68' title='bbox 687 817 862 858; x_wconf 89' lang='lat' dir='ltr'>nostro</span> <span class='ocrx_word' id='word_1_69' title='bbox 888 810 1005 857; x_wconf 89' lang='lat' dir='ltr'>Iesu</span> <span class='ocrx_word' id='word_1_70' title='bbox 1031 809 1265 857; x_wconf 90' lang='lat' dir='ltr'>Christo:</span> <span class='ocrx_word' id='word_1_71' title='bbox 1304 817 1315 834; x_wconf 75' lang='lat'><strong><em>⁴</em></strong></span> <span class='ocrx_word' id='word_1_72' title='bbox 1333 809 1510 857; x_wconf 86' lang='lat' dir='ltr'>Nolite</span> <span class='ocrx_word' id='word_1_73' title='bbox 1534 809 1756 858; x_wconf 89' lang='lat' dir='ltr'>iudicare</span> <span class='ocrx_word' id='word_1_74' title='bbox 1779 827 1844 857; x_wconf 87' lang='lat' dir='ltr'>ne</span> <span class='ocrx_word' id='word_1_75' title='bbox 1868 810 1996 857; x_wconf 88' lang='lat' dir='ltr'>iudi-</span> 
     </span>
     <span class='ocr_line' id='line_1_17' title="bbox 405 875 1999 941; baseline -0.003 -12"><span class='ocrx_word' id='word_1_76' title='bbox 405 880 589 929; x_wconf 89' lang='lat' dir='ltr'>cemini</span> <span class='ocrx_word' id='word_1_77' title='bbox 607 880 643 927; x_wconf 74' lang='grc' dir='ltr'>ε’</span> <span class='ocrx_word' id='word_1_78' title='bbox 682 878 769 926; x_wconf 89' lang='lat' dir='ltr'>sed</span> <span class='ocrx_word' id='word_1_79' title='bbox 794 893 883 924; x_wconf 85' lang='lat' dir='ltr'>vos</span> <span class='ocrx_word' id='word_1_80' title='bbox 907 875 1141 923; x_wconf 89' lang='lat' dir='ltr'>iudicatis</span> <span class='ocrx_word' id='word_1_81' title='bbox 1179 875 1302 924; x_wconf 89' lang='lat' dir='ltr'>alios</span> <span class='ocrx_word' id='word_1_82' title='bbox 1327 882 1379 923; x_wconf 91' lang='lat' dir='ltr'>et</span> <span class='ocrx_word' id='word_1_83' title='bbox 1402 876 1703 941; x_wconf 84' lang='lat' dir='ltr'>vituperatis</span> <span class='ocrx_word' id='word_1_84' title='bbox 1729 893 1841 925; x_wconf 90' lang='lat' dir='ltr'>eos:</span> <span class='ocrx_word' id='word_1_85' title='bbox 1878 893 1999 941; x_wconf 84' lang='lat' dir='ltr'>ergo</span> 
     </span>
     <span class='ocr_line' id='line_1_18' title="bbox 404 943 1998 1008; baseline -0.003 -13"><span class='ocrx_word' id='word_1_86' title='bbox 404 947 561 996; x_wconf 89' lang='lat' dir='ltr'>etiam</span> <span class='ocrx_word' id='word_1_87' title='bbox 575 945 770 993; x_wconf 89' lang='lat' dir='ltr'>debetis</span> <span class='ocrx_word' id='word_1_88' title='bbox 787 943 997 991; x_wconf 89' lang='lat' dir='ltr'>iudicari</span> <span class='ocrx_word' id='word_1_89' title='bbox 1013 950 1065 991; x_wconf 86' lang='lat' dir='ltr'>et</span> <span class='ocrx_word' id='word_1_90' title='bbox 1079 943 1400 1007; x_wconf 87' lang='lat' dir='ltr'>vituperari.”</span> <span class='ocrx_word' id='word_1_91' title='bbox 1426 945 1576 991; x_wconf 90' lang='lat' dir='ltr'>Tunc</span> <span class='ocrx_word' id='word_1_92' title='bbox 1592 943 1698 1008; x_wconf 90' lang='lat' dir='ltr'>ipse</span> <span class='ocrx_word' id='word_1_93' title='bbox 1712 944 1844 991; x_wconf 88' lang='lat' dir='ltr'>dixit</span> <span class='ocrx_word' id='word_1_94' title='bbox 1859 944 1998 1007; x_wconf 92' lang='lat' dir='ltr'>quod</span> 
     </span>
     <span class='ocr_line' id='line_1_19' title="bbox 405 1010 1995 1077; baseline -0.003 -16"><span class='ocrx_word' id='word_1_95' title='bbox 405 1031 520 1062; x_wconf 90' lang='lat' dir='ltr'>mea</span> <span class='ocrx_word' id='word_1_96' title='bbox 543 1017 846 1077; x_wconf 84' lang='lat' dir='ltr'>argumenta</span> <span class='ocrx_word' id='word_1_97' title='bbox 872 1017 992 1058; x_wconf 84' lang='lat' dir='ltr'>sunt</span> <span class='ocrx_word' id='word_1_98' title='bbox 1015 1010 1279 1058; x_wconf 86' lang='lat' dir='ltr'>frascariae</span> <span class='ocrx_word' id='word_1_99' title='bbox 1304 1017 1356 1058; x_wconf 93' lang='lat' dir='ltr'>et</span> <span class='ocrx_word' id='word_1_100' title='bbox 1381 1027 1482 1058; x_wconf 89' lang='lat' dir='ltr'>non</span> <span class='ocrx_word' id='word_1_101' title='bbox 1513 1011 1707 1058; x_wconf 84' lang='lat' dir='ltr'>habent</span> <span class='ocrx_word' id='word_1_102' title='bbox 1736 1011 1995 1059; x_wconf 86' lang='lat' dir='ltr'>effectum.</span> 
     </span>
     <span class='ocr_line' id='line_1_20' title="bbox 405 1077 1999 1142; baseline -0.001 -14"><span class='ocrx_word' id='word_1_103' title='bbox 405 1081 478 1128; x_wconf 88' lang='lat' dir='ltr'>Et</span> <span class='ocrx_word' id='word_1_104' title='bbox 502 1080 602 1127; x_wconf 85' lang='lat' dir='ltr'>fuit</span> <span class='ocrx_word' id='word_1_105' title='bbox 626 1080 698 1126; x_wconf 89' lang='lat' dir='ltr'>ita</span> <span class='ocrx_word' id='word_1_106' title='bbox 723 1085 1004 1126; x_wconf 83' lang='lat' dir='ltr'>contumax</span> <span class='ocrx_word' id='word_1_107' title='bbox 1029 1077 1168 1141; x_wconf 90' lang='lat' dir='ltr'>quod</span> <span class='ocrx_word' id='word_1_108' title='bbox 1194 1077 1338 1134; x_wconf 88' lang='lat' dir='ltr'>dixit,</span> <span class='ocrx_word' id='word_1_109' title='bbox 1366 1077 1543 1126; x_wconf 87' lang='lat' dir='ltr'>Etiam</span> <span class='ocrx_word' id='word_1_110' title='bbox 1570 1078 1609 1125; x_wconf 89' lang='lat' dir='ltr'>si</span> <span class='ocrx_word' id='word_1_111' title='bbox 1639 1094 1770 1142; x_wconf 91' lang='lat' dir='ltr'>papa</span> <span class='ocrx_word' id='word_1_112' title='bbox 1797 1077 1999 1126; x_wconf 84' lang='lat' dir='ltr'>fecisset</span> 
     </span>
     <span class='ocr_line' id='line_1_21' title="bbox 404 1144 1998 1209; baseline -0.002 -14"><span class='ocrx_word' id='word_1_113' title='bbox 404 1164 567 1195; x_wconf 91' lang='lat' dir='ltr'>unum</span> <span class='ocrx_word' id='word_1_114' title='bbox 592 1147 756 1194; x_wconf 83' lang='lat' dir='ltr'>filiurn</span> <span class='ocrx_word' id='word_1_115' title='bbox 781 1151 925 1193; x_wconf 90' lang='lat' dir='ltr'>extra</span> <span class='ocrx_word' id='word_1_116' title='bbox 958 1144 1363 1201; x_wconf 87' lang='lat' dir='ltr'>matrimonium,</span> <span class='ocrx_word' id='word_1_117' title='bbox 1390 1152 1442 1193; x_wconf 92' lang='lat' dir='ltr'>et</span> <span class='ocrx_word' id='word_1_118' title='bbox 1478 1152 1654 1209; x_wconf 87' lang='lat' dir='ltr'>postea</span> <span class='ocrx_word' id='word_1_119' title='bbox 1688 1144 1998 1209; x_wconf 84' lang='lat' dir='ltr'>legitimaret</span> 
     </span>
     <span class='ocr_line' id='line_1_22' title="bbox 405 1211 1999 1277; baseline -0.003 -15"><span class='ocrx_word' id='word_1_120' title='bbox 405 1231 541 1271; x_wconf 90' lang='lat' dir='ltr'>eum,</span> <span class='ocrx_word' id='word_1_121' title='bbox 571 1214 711 1277; x_wconf 91' lang='lat' dir='ltr'>quod</span> <span class='ocrx_word' id='word_1_122' title='bbox 746 1219 922 1262; x_wconf 90' lang='lat' dir='ltr'>tamen</span> <span class='ocrx_word' id='word_1_123' title='bbox 960 1228 1131 1259; x_wconf 87' lang='lat' dir='ltr'>coram</span> <span class='ocrx_word' id='word_1_124' title='bbox 1168 1211 1264 1259; x_wconf 94' lang='lat' dir='ltr'>deo</span> <span class='ocrx_word' id='word_1_125' title='bbox 1299 1228 1403 1260; x_wconf 91' lang='lat' dir='ltr'>non</span> <span class='ocrx_word' id='word_1_126' title='bbox 1439 1218 1571 1260; x_wconf 90' lang='lat' dir='ltr'>esset</span> <span class='ocrx_word' id='word_1_127' title='bbox 1606 1212 1885 1276; x_wconf 85' lang='lat' dir='ltr'>legitimus,</span> <span class='ocrx_word' id='word_1_128' title='bbox 1912 1212 1999 1260; x_wconf 94' lang='lat' dir='ltr'>sed</span> 
     </span>
     <span class='ocr_line' id='line_1_23' title="bbox 404 1279 1998 1346; baseline -0.001 -17"><span class='ocrx_word' id='word_1_129' title='bbox 404 1282 509 1346; x_wconf 90' lang='lat' dir='ltr'>ipse</span> <span class='ocrx_word' id='word_1_130' title='bbox 548 1281 702 1329; x_wconf 88' lang='lat' dir='ltr'>vellet</span> <span class='ocrx_word' id='word_1_131' title='bbox 740 1297 861 1328; x_wconf 91' lang='lat' dir='ltr'>eum</span> <span class='ocrx_word' id='word_1_132' title='bbox 897 1286 1071 1327; x_wconf 90' lang='lat' dir='ltr'>tenere</span> <span class='ocrx_word' id='word_1_133' title='bbox 1108 1296 1199 1343; x_wconf 89' lang='lat' dir='ltr'>pro</span> <span class='ocrx_word' id='word_1_134' title='bbox 1241 1279 1425 1344; x_wconf 91' lang='lat' dir='ltr'>spurio.</span> <span class='ocrx_word' id='word_1_135' title='bbox 1514 1279 1631 1344; x_wconf 83' lang='lat' dir='ltr'>Ego</span> <span class='ocrx_word' id='word_1_136' title='bbox 1674 1280 1822 1327; x_wconf 90' lang='lat' dir='ltr'>credo</span> <span class='ocrx_word' id='word_1_137' title='bbox 1859 1279 1998 1343; x_wconf 91' lang='lat' dir='ltr'>quod</span> 
     </span>
     <span class='ocr_line' id='line_1_24' title="bbox 404 1346 1995 1411; baseline -0.003 -14"><span class='ocrx_word' id='word_1_138' title='bbox 404 1349 635 1397; x_wconf 88' lang='lat' dir='ltr'>diabolus</span> <span class='ocrx_word' id='word_1_139' title='bbox 674 1354 751 1395; x_wconf 88' lang='lat' dir='ltr'>est</span> <span class='ocrx_word' id='word_1_140' title='bbox 793 1347 844 1394; x_wconf 92' lang='lat' dir='ltr'>in</span> <span class='ocrx_word' id='word_1_141' title='bbox 882 1347 991 1395; x_wconf 87' lang='lat' dir='ltr'>istis</span> <span class='ocrx_word' id='word_1_142' title='bbox 1028 1346 1232 1394; x_wconf 87' lang='lat' dir='ltr'>ribaldis</span> <span class='ocrx_word' id='word_1_143' title='bbox 1270 1347 1410 1409; x_wconf 94' lang='lat' dir='ltr'>quod</span> <span class='ocrx_word' id='word_1_144' title='bbox 1447 1347 1519 1394; x_wconf 88' lang='lat' dir='ltr'>ita</span> <span class='ocrx_word' id='word_1_145' title='bbox 1560 1347 1854 1411; x_wconf 84' lang='lat' dir='ltr'>vituperant</span> <span class='ocrx_word' id='word_1_146' title='bbox 1893 1362 1995 1394; x_wconf 85' lang='lat' dir='ltr'>vos.</span> 
     </span>
     <span class='ocr_line' id='line_1_25' title="bbox 405 1413 1998 1480; baseline -0.003 -16"><span class='ocrx_word' id='word_1_147' title='bbox 405 1417 734 1480; x_wconf 77' lang='lat' dir='ltr'>Quapropter</span> <span class='ocrx_word' id='word_1_148' title='bbox 758 1414 985 1462; x_wconf 82' lang='lat' dir='ltr'>scribatis</span> <span class='ocrx_word' id='word_1_149' title='bbox 1013 1413 1137 1461; x_wconf 85' lang='lat' dir='ltr'>mihi</span> <span class='ocrx_word' id='word_1_150' title='bbox 1166 1413 1305 1477; x_wconf 91' lang='lat' dir='ltr'>quod</span> <span class='ocrx_word' id='word_1_151' title='bbox 1336 1430 1547 1478; x_wconf 89' lang='lat' dir='ltr'>possum</span> <span class='ocrx_word' id='word_1_152' title='bbox 1580 1421 1808 1462; x_wconf 86' lang='lat' dir='ltr'>vestrum</span> <span class='ocrx_word' id='word_1_153' title='bbox 1840 1413 1998 1461; x_wconf 90' lang='lat' dir='ltr'>hono-</span> 
     </span>
     <span class='ocr_line' id='line_1_26' title="bbox 404 1481 2000 1545; baseline -0.003 -14"><span class='ocrx_word' id='word_1_154' title='bbox 404 1500 514 1533; x_wconf 85' lang='lat' dir='ltr'>rem</span> <span class='ocrx_word' id='word_1_155' title='bbox 562 1483 862 1530; x_wconf 87' lang='lat' dir='ltr'>defendere:</span> <span class='ocrx_word' id='word_1_156' title='bbox 921 1481 1040 1545; x_wconf 87' lang='lat' dir='ltr'>quia</span> <span class='ocrx_word' id='word_1_157' title='bbox 1087 1487 1218 1528; x_wconf 88' lang='lat' dir='ltr'>esset</span> <span class='ocrx_word' id='word_1_158' title='bbox 1273 1481 1571 1530; x_wconf 89' lang='lat' dir='ltr'>scandalum</span> <span class='ocrx_word' id='word_1_159' title='bbox 1627 1482 1765 1545; x_wconf 90' lang='lat' dir='ltr'>quod</span> <span class='ocrx_word' id='word_1_160' title='bbox 1821 1481 2000 1528; x_wconf 81' lang='lat' dir='ltr'>doctor</span> 
     </span>
     <span class='ocr_line' id='line_1_27' title="bbox 405 1547 2000 1613; baseline -0.003 -14"><span class='ocrx_word' id='word_1_161' title='bbox 405 1549 661 1599; x_wconf 88' lang='lat' dir='ltr'>Reuchlin</span> <span class='ocrx_word' id='word_1_162' title='bbox 687 1549 836 1598; x_wconf 89' lang='lat' dir='ltr'>sciret</span> <span class='ocrx_word' id='word_1_163' title='bbox 859 1549 923 1596; x_wconf 94' lang='lat' dir='ltr'>de</span> <span class='ocrx_word' id='word_1_164' title='bbox 948 1547 1090 1595; x_wconf 88' lang='lat' dir='ltr'>vobis</span> <span class='ocrx_word' id='word_1_165' title='bbox 1114 1548 1254 1612; x_wconf 90' lang='lat' dir='ltr'>quod</span> <span class='ocrx_word' id='word_1_166' title='bbox 1278 1549 1452 1596; x_wconf 87' lang='lat' dir='ltr'>essetis</span> <span class='ocrx_word' id='word_1_167' title='bbox 1477 1549 1690 1613; x_wconf 90' lang='lat' dir='ltr'>spurius.</span> <span class='ocrx_word' id='word_1_168' title='bbox 1753 1548 1854 1596; x_wconf 92' lang='lat' dir='ltr'>Sed</span> <span class='ocrx_word' id='word_1_169' title='bbox 1879 1548 2000 1595; x_wconf 92' lang='lat' dir='ltr'>dato</span> 
     </span>
     <span class='ocr_line' id='line_1_28' title="bbox 405 1615 1999 1681; baseline -0.002 -16"><span class='ocrx_word' id='word_1_170' title='bbox 405 1618 544 1681; x_wconf 90' lang='lat' dir='ltr'>quod</span> <span class='ocrx_word' id='word_1_171' title='bbox 569 1617 692 1674; x_wconf 85' lang='lat' dir='ltr'>sitis,</span> <span class='ocrx_word' id='word_1_172' title='bbox 718 1623 893 1664; x_wconf 90' lang='lat' dir='ltr'>tamen</span> <span class='ocrx_word' id='word_1_173' title='bbox 918 1615 1001 1663; x_wconf 94' lang='lat' dir='ltr'>ille</span> <span class='ocrx_word' id='word_1_174' title='bbox 1028 1631 1130 1662; x_wconf 92' lang='lat' dir='ltr'>non</span> <span class='ocrx_word' id='word_1_175' title='bbox 1155 1621 1329 1679; x_wconf 87' lang='lat' dir='ltr'>potest</span> <span class='ocrx_word' id='word_1_176' title='bbox 1354 1616 1663 1664; x_wconf 87' lang='lat' dir='ltr'>sufficienter</span> <span class='ocrx_word' id='word_1_177' title='bbox 1694 1616 1922 1680; x_wconf 88' lang='lat' dir='ltr'>probare,</span> <span class='ocrx_word' id='word_1_178' title='bbox 1948 1621 1999 1662; x_wconf 93' lang='lat' dir='ltr'>et</span> 
     </span>
     <span class='ocr_line' id='line_1_29' title="bbox 407 1682 2000 1748; baseline -0.003 -15"><span class='ocrx_word' id='word_1_179' title='bbox 407 1685 446 1733; x_wconf 89' lang='lat' dir='ltr'>si</span> <span class='ocrx_word' id='word_1_180' title='bbox 474 1685 675 1732; x_wconf 87' lang='lat' dir='ltr'>videtur</span> <span class='ocrx_word' id='word_1_181' title='bbox 699 1683 842 1731; x_wconf 82' lang='lat' dir='ltr'>vobis</span> <span class='ocrx_word' id='word_1_182' title='bbox 868 1683 1076 1739; x_wconf 89' lang='lat' dir='ltr'>bonum,</span> <span class='ocrx_word' id='word_1_183' title='bbox 1102 1688 1228 1730; x_wconf 85' lang='lat' dir='ltr'>tunc</span> <span class='ocrx_word' id='word_1_184' title='bbox 1266 1683 1504 1731; x_wconf 81' lang='lat' dir='ltr'>volumus</span> <span class='ocrx_word' id='word_1_185' title='bbox 1542 1682 1696 1730; x_wconf 88' lang='lat' dir='ltr'>citare</span> <span class='ocrx_word' id='word_1_186' title='bbox 1731 1683 1901 1748; x_wconf 90' lang='lat' dir='ltr'>ipsum</span> <span class='ocrx_word' id='word_1_187' title='bbox 1938 1683 2000 1729; x_wconf 91' lang='lat' dir='ltr'>ad</span> 
     </span>
     <span class='ocr_line' id='line_1_30' title="bbox 408 1750 2002 1813; baseline -0.003 -13"><span class='ocrx_word' id='word_1_188' title='bbox 408 1753 599 1800; x_wconf 90' lang='lat' dir='ltr'>curiam</span> <span class='ocrx_word' id='word_1_189' title='bbox 631 1767 912 1805; x_wconf 83' lang='lat' dir='ltr'>romanam,</span> <span class='ocrx_word' id='word_1_190' title='bbox 938 1755 989 1799; x_wconf 89' lang='lat' dir='ltr'>et</span> <span class='ocrx_word' id='word_1_191' title='bbox 1023 1766 1202 1813; x_wconf 83' lang='lat' dir='ltr'>cogere</span> <span class='ocrx_word' id='word_1_192' title='bbox 1236 1750 1376 1813; x_wconf 93' lang='lat' dir='ltr'>quod</span> <span class='ocrx_word' id='word_1_193' title='bbox 1411 1751 1564 1798; x_wconf 88' lang='lat' dir='ltr'>debet</span> <span class='ocrx_word' id='word_1_194' title='bbox 1600 1751 1764 1798; x_wconf 88' lang='lat' dir='ltr'>facere</span> <span class='ocrx_word' id='word_1_195' title='bbox 1798 1765 2002 1797; x_wconf 86' lang='lat' dir='ltr'>revoca-</span> 
     </span>
     <span class='ocr_line' id='line_1_31' title="bbox 406 1817 2002 1881; baseline -0.002 -15"><span class='ocrx_word' id='word_1_196' title='bbox 406 1821 618 1875; x_wconf 90' lang='lat' dir='ltr'>tionem,</span> <span class='ocrx_word' id='word_1_197' title='bbox 656 1819 789 1866; x_wconf 88' lang='lat' dir='ltr'>sicut</span> <span class='ocrx_word' id='word_1_198' title='bbox 825 1818 995 1865; x_wconf 84' lang='lat' dir='ltr'>sciunt</span> <span class='ocrx_word' id='word_1_199' title='bbox 1032 1817 1237 1864; x_wconf 86' lang='lat' dir='ltr'>iuristae</span> <span class='ocrx_word' id='word_1_200' title='bbox 1274 1817 1604 1873; x_wconf 89' lang='lat' dir='ltr'>concludere;</span> <span class='ocrx_word' id='word_1_201' title='bbox 1643 1824 1694 1865; x_wconf 81' lang='lat' dir='ltr'>et</span> <span class='ocrx_word' id='word_1_202' title='bbox 1730 1833 2002 1881; x_wconf 86' lang='lat' dir='ltr'>possumus</span> 
     </span>
     <span class='ocr_line' id='line_1_32' title="bbox 408 1884 2002 1949; baseline -0.001 -16"><span class='ocrx_word' id='word_1_203' title='bbox 408 1903 527 1934; x_wconf 89' lang='lat' dir='ltr'>eum</span> <span class='ocrx_word' id='word_1_204' title='bbox 553 1887 716 1934; x_wconf 84' lang='lat' dir='ltr'>facere</span> <span class='ocrx_word' id='word_1_205' title='bbox 741 1884 1087 1949; x_wconf 85' lang='lat' dir='ltr'>irregularem,</span> <span class='ocrx_word' id='word_1_206' title='bbox 1112 1890 1165 1931; x_wconf 85' lang='lat' dir='ltr'>et</span> <span class='ocrx_word' id='word_1_207' title='bbox 1194 1901 1282 1948; x_wconf 90' lang='lat' dir='ltr'>per</span> <span class='ocrx_word' id='word_1_208' title='bbox 1314 1890 1697 1949; x_wconf 88' lang='lat' dir='ltr'>procuratorem</span> <span class='ocrx_word' id='word_1_209' title='bbox 1732 1900 2002 1948; x_wconf 82' lang='lat' dir='ltr'>possumus</span> 
     </span>
     <span class='ocr_line' id='line_1_33' title="bbox 408 1951 2002 2016; baseline -0.001 -15"><span class='ocrx_word' id='word_1_210' title='bbox 408 1954 649 2001; x_wconf 86' lang='lat' dir='ltr'>tribulare</span> <span class='ocrx_word' id='word_1_211' title='bbox 687 1969 824 2007; x_wconf 89' lang='lat' dir='ltr'>eum,</span> <span class='ocrx_word' id='word_1_212' title='bbox 864 1958 917 2000; x_wconf 91' lang='lat' dir='ltr'>et</span> <span class='ocrx_word' id='word_1_213' title='bbox 958 1952 1184 2016; x_wconf 86' lang='lat' dir='ltr'>accipere</span> <span class='ocrx_word' id='word_1_214' title='bbox 1226 1951 1331 1998; x_wconf 87' lang='lat' dir='ltr'>eius</span> <span class='ocrx_word' id='word_1_215' title='bbox 1374 1952 1618 1999; x_wconf 89' lang='lat' dir='ltr'>beneficia</span> <span class='ocrx_word' id='word_1_216' title='bbox 1660 1953 1699 1999; x_wconf 87' lang='lat' dir='ltr'>si</span> <span class='ocrx_word' id='word_1_217' title='bbox 1737 1951 2002 1999; x_wconf 77' lang='lat' dir='ltr'>incurrerit</span> 
     </span>
     <span class='ocr_line' id='line_1_34' title="bbox 409 2018 2001 2084; baseline -0.001 -17"><span class='ocrx_word' id='word_1_218' title='bbox 409 2020 850 2084; x_wconf 85' lang='lat' dir='ltr'>irregularitatem,</span> <span class='ocrx_word' id='word_1_219' title='bbox 900 2018 1020 2083; x_wconf 88' lang='lat' dir='ltr'>quia</span> <span class='ocrx_word' id='word_1_220' title='bbox 1067 2019 1220 2066; x_wconf 92' lang='lat' dir='ltr'>habet</span> <span class='ocrx_word' id='word_1_221' title='bbox 1279 2035 1442 2067; x_wconf 91' lang='lat' dir='ltr'>unum</span> <span class='ocrx_word' id='word_1_222' title='bbox 1502 2019 1861 2067; x_wconf 90' lang='lat' dir='ltr'>canonicatum</span> <span class='ocrx_word' id='word_1_223' title='bbox 1920 2019 2001 2066; x_wconf 91' lang='lat' dir='ltr'>hic</span> 
     </span>
     <span class='ocr_line' id='line_1_35' title="bbox 412 2085 2003 2151; baseline -0.001 -17"><span class='ocrx_word' id='word_1_224' title='bbox 412 2087 730 2151; x_wconf 81' lang='lat' dir='ltr'>Maguntiae,</span> <span class='ocrx_word' id='word_1_225' title='bbox 757 2094 809 2135; x_wconf 92' lang='lat' dir='ltr'>et</span> <span class='ocrx_word' id='word_1_226' title='bbox 835 2102 990 2133; x_wconf 89' lang='lat' dir='ltr'>unam</span> <span class='ocrx_word' id='word_1_227' title='bbox 1017 2085 1332 2149; x_wconf 84' lang='lat' dir='ltr'>parrochiam</span> <span class='ocrx_word' id='word_1_228' title='bbox 1357 2086 1490 2134; x_wconf 86' lang='lat' dir='ltr'>alibi.</span> <span class='ocrx_word' id='word_1_229' title='bbox 1563 2087 1636 2133; x_wconf 87' lang='lat' dir='ltr'>Et</span> <span class='ocrx_word' id='word_1_230' title='bbox 1655 2103 1757 2134; x_wconf 88' lang='lat' dir='ltr'>non</span> <span class='ocrx_word' id='word_1_231' title='bbox 1776 2086 2003 2134; x_wconf 84' lang='lat' dir='ltr'>habeatis</span> 
     </span>
     <span class='ocr_line' id='line_1_36' title="bbox 411 2153 2002 2219; baseline -0.001 -18"><span class='ocrx_word' id='word_1_232' title='bbox 411 2154 535 2202; x_wconf 92' lang='lat' dir='ltr'>mihi</span> <span class='ocrx_word' id='word_1_233' title='bbox 574 2170 664 2219; x_wconf 91' lang='lat' dir='ltr'>pro</span> <span class='ocrx_word' id='word_1_234' title='bbox 705 2154 839 2201; x_wconf 92' lang='lat' dir='ltr'>malo</span> <span class='ocrx_word' id='word_1_235' title='bbox 876 2153 1014 2216; x_wconf 91' lang='lat' dir='ltr'>quod</span> <span class='ocrx_word' id='word_1_236' title='bbox 1058 2153 1274 2200; x_wconf 86' lang='lat' dir='ltr'>scribam</span> <span class='ocrx_word' id='word_1_237' title='bbox 1316 2153 1439 2217; x_wconf 90' lang='lat' dir='ltr'>quid</span> <span class='ocrx_word' id='word_1_238' title='bbox 1482 2153 1670 2209; x_wconf 88' lang='lat' dir='ltr'>audivi,</span> <span class='ocrx_word' id='word_1_239' title='bbox 1713 2153 1834 2217; x_wconf 90' lang='lat' dir='ltr'>quia</span> <span class='ocrx_word' id='word_1_240' title='bbox 1874 2160 2002 2218; x_wconf 86' lang='lat' dir='ltr'>puto</span> 
     </span>
     <span class='ocr_line' id='line_1_37' title="bbox 410 2220 2003 2286; baseline -0.001 -17"><span class='ocrx_word' id='word_1_241' title='bbox 410 2222 618 2286; x_wconf 90' lang='lat' dir='ltr'>optime.</span> <span class='ocrx_word' id='word_1_242' title='bbox 692 2221 764 2267; x_wconf 88' lang='lat' dir='ltr'>Et</span> <span class='ocrx_word' id='word_1_243' title='bbox 790 2220 956 2268; x_wconf 89' lang='lat' dir='ltr'>valete</span> <span class='ocrx_word' id='word_1_244' title='bbox 981 2221 1032 2267; x_wconf 92' lang='lat' dir='ltr'>in</span> <span class='ocrx_word' id='word_1_245' title='bbox 1057 2220 1268 2267; x_wconf 89' lang='lat' dir='ltr'>domino</span> <span class='ocrx_word' id='word_1_246' title='bbox 1294 2221 1390 2267; x_wconf 92' lang='lat' dir='ltr'>deo</span> <span class='ocrx_word' id='word_1_247' title='bbox 1415 2221 1503 2284; x_wconf 91' lang='lat' dir='ltr'>qui</span> <span class='ocrx_word' id='word_1_248' title='bbox 1538 2220 1793 2268; x_wconf 87' lang='lat' dir='ltr'>custodiat</span> <span class='ocrx_word' id='word_1_249' title='bbox 1827 2237 2003 2269; x_wconf 88' lang='lat' dir='ltr'>omnes</span> 
     </span>
     <span class='ocr_line' id='line_1_38' title="bbox 410 2289 747 2336; baseline -0.006 0"><span class='ocrx_word' id='word_1_250' title='bbox 410 2289 515 2336; x_wconf 90' lang='lat' dir='ltr'>vias</span> <span class='ocrx_word' id='word_1_251' title='bbox 541 2294 747 2336; x_wconf 82' lang='lat' dir='ltr'>vestras.</span> 
     </span>
    </p>
   </div>
   <div class='ocr_carea' id='block_1_10' title="bbox 519 2372 950 2409">
    <p class='ocr_par' dir='ltr' id='par_1_10' title="bbox 519 2372 950 2409">
     <span class='ocr_line' id='line_1_39' title="bbox 519 2372 950 2409; baseline -0.007 0"><span class='ocrx_word' id='word_1_252' title='bbox 519 2373 669 2409; x_wconf 86' lang='lat' dir='ltr'>Datum</span> <span class='ocrx_word' id='word_1_253' title='bbox 693 2372 950 2408; x_wconf 78' lang='lat' dir='ltr'><strong>MAGUNTIAE.</strong></span> 
     </span>
    </p>
   </div>
   <div class='ocr_carea' id='block_1_11' title="bbox 413 2477 2004 2759">
    <p class='ocr_par' dir='ltr' id='par_1_11' title="bbox 413 2477 2004 2712">
     <span class='ocr_line' id='line_1_40' title="bbox 458 2477 2004 2525; baseline -0.003 -10"><span class='ocrx_word' id='word_1_254' title='bbox 458 2480 485 2499; x_wconf 74' lang='lat'>⁵⁰</span> <span class='ocrx_word' id='word_1_255' title='bbox 511 2483 700 2525; x_wconf 71' lang='lat' dir='ltr'>leyitimum</span> <span class='ocrx_word' id='word_1_256' title='bbox 712 2492 724 2514; x_wconf 89' lang='lat'><em>:</em></span> <span class='ocrx_word' id='word_1_257' title='bbox 737 2491 795 2522; x_wconf 71' lang='grc'><em>(3.9.</em></span> <span class='ocrx_word' id='word_1_258' title='bbox 809 2479 846 2511; x_wconf 88' lang='lat' dir='ltr'>in</span> <span class='ocrx_word' id='word_1_259' title='bbox 865 2478 955 2511; x_wconf 83' lang='lat'>1513</span> <span class='ocrx_word' id='word_1_260' title='bbox 973 2477 1097 2510; x_wconf 88' lang='lat' dir='ltr'>Giulio</span> <span class='ocrx_word' id='word_1_261' title='bbox 1116 2477 1171 2511; x_wconf 85' lang='lat' dir='ltr'>(le’</span> <span class='ocrx_word' id='word_1_262' title='bbox 1244 2479 1285 2512; x_wconf 86' lang='lat' dir='ltr'>vi.</span> <span class='ocrx_word' id='word_1_263' title='bbox 1302 2479 1365 2520; x_wconf 79' lang='lat'>373</span> <span class='ocrx_word' id='word_1_264' title='bbox 1385 2478 1508 2521; x_wconf 59' lang='lat' dir='ltr'>Vulg„</span> <span class='ocrx_word' id='word_1_265' title='bbox 1528 2479 1670 2513; x_wconf 84' lang='lat' dir='ltr'>“nolite</span> <span class='ocrx_word' id='word_1_266' title='bbox 1681 2479 1859 2522; x_wconf 85' lang='lat' dir='ltr'>judicare,</span> <span class='ocrx_word' id='word_1_267' title='bbox 1876 2483 2004 2513; x_wconf 80' lang='lat' dir='ltr'>utnon</span> 
     </span>
     <span class='ocr_line' id='line_1_41' title="bbox 414 2524 1944 2570; baseline -0.002 -9"><span class='ocrx_word' id='word_1_268' title='bbox 414 2529 549 2562; x_wconf 78' lang='lat' dir='ltr'>Medici</span> <span class='ocrx_word' id='word_1_269' title='bbox 583 2539 654 2561; x_wconf 85' lang='lat' dir='ltr'>was</span> <span class='ocrx_word' id='word_1_270' title='bbox 686 2525 856 2561; x_wconf 82' lang='lat' dir='ltr'>declared</span> <span class='ocrx_word' id='word_1_271' title='bbox 888 2524 1093 2568; x_wconf 77' lang='lat' dir='ltr'>legitimate</span> <span class='ocrx_word' id='word_1_272' title='bbox 1127 2525 1173 2568; x_wconf 83' lang='lat' dir='ltr'>by</span> <span class='ocrx_word' id='word_1_273' title='bbox 1239 2526 1455 2569; x_wconf 83' lang='lat' dir='ltr'>judicemini</span> <span class='ocrx_word' id='word_1_274' title='bbox 1477 2525 1529 2567; x_wconf 82' lang='lat' dir='ltr'>(et</span> <span class='ocrx_word' id='word_1_275' title='bbox 1546 2538 1620 2559; x_wconf 87' lang='lat' dir='ltr'>non</span> <span class='ocrx_word' id='word_1_276' title='bbox 1634 2525 1944 2570; x_wconf 81' lang='lat' dir='ltr'>judicabimi11i).&#39;&#39;</span> 
     </span>
     <span class='ocr_line' id='line_1_42' title="bbox 414 2571 1173 2616; baseline -0.007 -7"><span class='ocrx_word' id='word_1_277' title='bbox 414 2576 486 2609; x_wconf 83' lang='lat' dir='ltr'>Leo</span> <span class='ocrx_word' id='word_1_278' title='bbox 516 2576 559 2608; x_wconf 91' lang='lat' dir='ltr'>X.</span> <span class='ocrx_word' id='word_1_279' title='bbox 592 2576 630 2608; x_wconf 87' lang='lat' dir='ltr'>in</span> <span class='ocrx_word' id='word_1_280' title='bbox 661 2573 770 2607; x_wconf 87' lang='lat' dir='ltr'>order</span> <span class='ocrx_word' id='word_1_281' title='bbox 795 2573 879 2606; x_wconf 74' lang='lat' dir='ltr'>that</span> <span class='ocrx_word' id='word_1_282' title='bbox 908 2571 954 2605; x_wconf 83' lang='lat' dir='ltr'>he</span> <span class='ocrx_word' id='word_1_283' title='bbox 983 2571 1102 2616; x_wconf 77' lang='lat' dir='ltr'>might</span> <span class='ocrx_word' id='word_1_284' title='bbox 1131 2571 1173 2604; x_wconf 83' lang='lat' dir='ltr'>be</span> 
     </span>
     <span class='ocr_line' id='line_1_43' title="bbox 413 2619 1184 2661; baseline -0.009 -5"><span class='ocrx_word' id='word_1_285' title='bbox 413 2622 559 2656; x_wconf 81' lang='lat' dir='ltr'>created</span> <span class='ocrx_word' id='word_1_286' title='bbox 571 2620 756 2655; x_wconf 84' lang='lat' dir='ltr'>Cardinal.</span> <span class='ocrx_word' id='word_1_287' title='bbox 802 2620 868 2653; x_wconf 85' lang='lat' dir='ltr'>See</span> <span class='ocrx_word' id='word_1_288' title='bbox 883 2619 1035 2661; x_wconf 78' lang='lat' dir='ltr'>Roscoe,</span> <span class='ocrx_word' id='word_1_289' title='bbox 1054 2620 1129 2661; x_wconf 70' lang='lat' dir='ltr'>sz&#39;e</span> <span class='ocrx_word' id='word_1_290' title='bbox 1139 2619 1184 2660; x_wconf 64' lang='lat' dir='ltr'>(gf</span> 
     </span>
     <span class='ocr_line' id='line_1_44' title="bbox 415 2669 738 2712; baseline -0.006 -10"><span class='ocrx_word' id='word_1_291' title='bbox 415 2671 480 2703; x_wconf 71' lang='lat' dir='ltr'>Leo</span> <span class='ocrx_word' id='word_1_292' title='bbox 498 2671 560 2708; x_wconf 60' lang='lat' dir='ltr'>X„</span> <span class='ocrx_word' id='word_1_293' title='bbox 580 2669 683 2712; x_wconf 79' lang='lat' dir='ltr'>chap.</span> <span class='ocrx_word' id='word_1_294' title='bbox 706 2681 738 2701; x_wconf 76' lang='grc' dir='ltr'>Χ.</span> 
     </span>
    </p>

    <p class='ocr_par' dir='ltr' id='par_1_12' title="bbox 459 2711 1174 2759">
     <span class='ocr_line' id='line_1_45' title="bbox 459 2711 1174 2759; baseline -0.007 -10"><span class='ocrx_word' id='word_1_295' title='bbox 459 2715 487 2734; x_wconf 69' lang='grc'>58</span> <span class='ocrx_word' id='word_1_296' title='bbox 512 2718 681 2759; x_wconf 71' lang='lat' dir='ltr'>scriptum</span> <span class='ocrx_word' id='word_1_297' title='bbox 698 2719 769 2749; x_wconf 74' lang='lat' dir='ltr'>est:</span> <span class='ocrx_word' id='word_1_298' title='bbox 789 2713 894 2746; x_wconf 73' lang='lat' dir='ltr'>Matt.</span> <span class='ocrx_word' id='word_1_299' title='bbox 914 2712 974 2747; x_wconf 84' lang='lat' dir='ltr'>vii.</span> <span class='ocrx_word' id='word_1_300' title='bbox 995 2712 1038 2753; x_wconf 65' lang='grc' dir='ltr'>Ως</span> <span class='ocrx_word' id='word_1_301' title='bbox 1065 2711 1174 2744; x_wconf 83' lang='lat' dir='ltr'>Mark</span> 
     </span>
    </p>
   </div>
   <div class='ocr_carea' id='block_1_12' title="bbox 1241 2593 2006 2731">
    <p class='ocr_par' dir='ltr' id='par_1_13' title="bbox 1241 2593 2006 2731">
     <span class='ocr_line' id='line_1_46' title="bbox 1288 2593 2006 2638; baseline 0.001 -11"><span class='ocrx_word' id='word_1_302' title='bbox 1288 2593 1315 2612; x_wconf 77' lang='lat'>⁶⁵</span> <span class='ocrx_word' id='word_1_303' title='bbox 1330 2595 1535 2635; x_wconf 30' lang='lat' dir='ltr'>*fra-§variae</span> <span class='ocrx_word' id='word_1_304' title='bbox 1546 2606 1557 2627; x_wconf 94' lang='lat'>.·</span> <span class='ocrx_word' id='word_1_305' title='bbox 1576 2594 1768 2636; x_wconf 71' lang='lat' dir='ltr'>It.fi‘as‹¹a,</span> <span class='ocrx_word' id='word_1_306' title='bbox 1783 2593 1983 2638; x_wconf 52' lang='lat' dir='ltr'>pl.fra„s1‹·he</span> <span class='ocrx_word' id='word_1_307' title='bbox 1994 2605 2006 2635; x_wconf 74' lang='grc'>,-</span> 
     </span>
     <span class='ocr_line' id='line_1_47' title="bbox 1242 2640 2004 2686; baseline 0.001 -12"><span class='ocrx_word' id='word_1_308' title='bbox 1242 2640 1279 2675; x_wconf 89' lang='lat' dir='ltr'>in</span> <span class='ocrx_word' id='word_1_309' title='bbox 1305 2640 1366 2686; x_wconf 89' lang='lat' dir='ltr'>pl.,</span> <span class='ocrx_word' id='word_1_310' title='bbox 1397 2652 1592 2683; x_wconf 71' lang='lat' dir='ltr'>nonsense,</span> <span class='ocrx_word' id='word_1_311' title='bbox 1616 2640 1754 2681; x_wconf 83' lang='lat' dir='ltr'>trifles;</span> <span class='ocrx_word' id='word_1_312' title='bbox 1785 2642 2004 2683; x_wconf 64' lang='lat' dir='ltr'>flasclzeria,</span> 
     </span>
     <span class='ocr_line' id='line_1_48' title="bbox 1241 2687 1804 2731; baseline 0 -11"><span class='ocrx_word' id='word_1_313' title='bbox 1241 2692 1387 2721; x_wconf 76' lang='lat' dir='ltr'>wauton</span> <span class='ocrx_word' id='word_1_314' title='bbox 1405 2687 1513 2729; x_wconf 80' lang='lat' dir='ltr'>trick,</span> <span class='ocrx_word' id='word_1_315' title='bbox 1527 2688 1602 2730; x_wconf 80' lang='lat' dir='ltr'>jest</span> <span class='ocrx_word' id='word_1_316' title='bbox 1618 2687 1804 2731; x_wconf 82' lang='lat' dir='ltr'>(Baretti).</span> 
     </span>
    </p>
   </div>
   <div class='ocr_carea' id='block_1_13' title="bbox 414 2754 2007 2895">
    <p class='ocr_par' dir='ltr' id='par_1_14' title="bbox 414 2754 2007 2895">
     <span class='ocr_line' id='line_1_49' title="bbox 414 2754 2007 2805; baseline -0.003 -10"><span class='ocrx_word' id='word_1_317' title='bbox 414 2764 460 2797; x_wconf 84' lang='lat' dir='ltr'>iv.</span> <span class='ocrx_word' id='word_1_318' title='bbox 496 2763 565 2805; x_wconf 79' lang='lat'>‘243</span> <span class='ocrx_word' id='word_1_319' title='bbox 599 2763 665 2796; x_wconf 82' lang='lat' dir='ltr'>but</span> <span class='ocrx_word' id='word_1_320' title='bbox 690 2763 727 2795; x_wconf 83' lang='lat' dir='ltr'>in</span> <span class='ocrx_word' id='word_1_321' title='bbox 753 2761 817 2794; x_wconf 79' lang='lat' dir='ltr'>the</span> <span class='ocrx_word' id='word_1_322' title='bbox 849 2758 957 2803; x_wconf 81' lang='lat' dir='ltr'>Vulg.</span> <span class='ocrx_word' id='word_1_323' title='bbox 995 2760 1071 2792; x_wconf 82' lang='lat' dir='ltr'>“iu</span> <span class='ocrx_word' id='word_1_324' title='bbox 1106 2770 1175 2802; x_wconf 76' lang='lat' dir='ltr'>qua</span> <span class='ocrx_word' id='word_1_325' title='bbox 1288 2754 1315 2773; x_wconf 74' lang='lat'>⁷⁸</span> <span class='ocrx_word' id='word_1_326' title='bbox 1334 2757 1559 2798; x_wconf 67' lang='lat' dir='ltr'>irreyularem</span> <span class='ocrx_word' id='word_1_327' title='bbox 1573 2767 1584 2789; x_wconf 93' lang='lat'>.·</span> <span class='ocrx_word' id='word_1_328' title='bbox 1599 2754 1920 2799; x_wconf 79' lang='lat' dir='ltr'>“irregularitas&#39;&#39;</span> <span class='ocrx_word' id='word_1_329' title='bbox 1936 2768 2007 2790; x_wconf 82' lang='lat' dir='ltr'>was</span> 
     </span>
     <span class='ocr_line' id='line_1_50' title="bbox 415 2801 2007 2843; baseline -0.005 1"><span class='ocrx_word' id='word_1_330' title='bbox 415 2822 585 2843; x_wconf 75' lang='lat' dir='ltr'>mensura</span> <span class='ocrx_word' id='word_1_331' title='bbox 626 2809 743 2843; x_wconf 84' lang='lat' dir='ltr'>mensi</span> <span class='ocrx_word' id='word_1_332' title='bbox 784 2807 928 2841; x_wconf 85' lang='lat' dir='ltr'>fueritis</span> <span class='ocrx_word' id='word_1_333' title='bbox 961 2806 1177 2840; x_wconf 76' lang='lat' dir='ltr'>remetietur</span> <span class='ocrx_word' id='word_1_334' title='bbox 1243 2815 1263 2836; x_wconf 86' lang='lat' dir='ltr'>a</span> <span class='ocrx_word' id='word_1_335' title='bbox 1281 2801 1464 2836; x_wconf 79' lang='lat' dir='ltr'>technical</span> <span class='ocrx_word' id='word_1_336' title='bbox 1484 2807 1576 2835; x_wconf 80' lang='lat' dir='ltr'>term</span> <span class='ocrx_word' id='word_1_337' title='bbox 1605 2802 1661 2835; x_wconf 88' lang='lat' dir='ltr'>for</span> <span class='ocrx_word' id='word_1_338' title='bbox 1687 2814 1708 2835; x_wconf 86' lang='lat' dir='ltr'>a</span> <span class='ocrx_word' id='word_1_339' title='bbox 1732 2803 1923 2838; x_wconf 84' lang='lat' dir='ltr'>canonical</span> <span class='ocrx_word' id='word_1_340' title='bbox 1942 2805 2007 2837; x_wconf 90' lang='lat' dir='ltr'>im-</span> 
     </span>
     <span class='ocr_line' id='line_1_51' title="bbox 416 2849 2005 2895; baseline -0.001 -9"><span class='ocrx_word' id='word_1_341' title='bbox 416 2856 550 2890; x_wconf 75' lang='lat' dir='ltr'>vobis.’&#39;</span> <span class='ocrx_word' id='word_1_342' title='bbox 1245 2850 1434 2895; x_wconf 70' lang='lat' dir='ltr'>peslimeut</span> <span class='ocrx_word' id='word_1_343' title='bbox 1466 2849 1666 2894; x_wconf 79' lang='lat' dir='ltr'>hiudering</span> <span class='ocrx_word' id='word_1_344' title='bbox 1695 2861 1715 2882; x_wconf 87' lang='lat' dir='ltr'>a</span> <span class='ocrx_word' id='word_1_345' title='bbox 1745 2861 1877 2894; x_wconf 86' lang='lat' dir='ltr'>person</span> <span class='ocrx_word' id='word_1_346' title='bbox 1912 2851 2005 2884; x_wconf 85' lang='lat' dir='ltr'>from</span> 
     </span>
    </p>
   </div>
   <div class='ocr_carea' id='block_1_14' title="bbox 462 2892 1949 2945">
    <p class='ocr_par' dir='ltr' id='par_1_15' title="bbox 462 2892 1949 2945">
     <span class='ocr_line' id='line_1_52' title="bbox 462 2892 1949 2945; baseline -0.002 -10"><span class='ocrx_word' id='word_1_347' title='bbox 462 2901 491 2920; x_wconf 77' lang='lat'>⁶²</span> <span class='ocrx_word' id='word_1_348' title='bbox 515 2905 642 2945; x_wconf 75' lang='lat' dir='ltr'>Nolite,</span> <span class='ocrx_word' id='word_1_349' title='bbox 664 2902 730 2936; x_wconf 69' lang='grc' dir='ltr'>ὣο.</span> <span class='ocrx_word' id='word_1_350' title='bbox 779 2902 885 2936; x_wconf 80' lang='lat' dir='ltr'>Matt.</span> <span class='ocrx_word' id='word_1_351' title='bbox 912 2901 972 2934; x_wconf 82' lang='lat' dir='ltr'>vii.</span> <span class='ocrx_word' id='word_1_352' title='bbox 1000 2901 1042 2940; x_wconf 87' lang='grc'>1;</span> <span class='ocrx_word' id='word_1_353' title='bbox 1076 2899 1177 2933; x_wconf 84' lang='lat' dir='ltr'>Luke</span> <span class='ocrx_word' id='word_1_354' title='bbox 1244 2897 1376 2941; x_wconf 82' lang='lat' dir='ltr'>taking</span> <span class='ocrx_word' id='word_1_355' title='bbox 1392 2896 1528 2930; x_wconf 87' lang='lat' dir='ltr'>orders.</span> <span class='ocrx_word' id='word_1_356' title='bbox 1580 2896 1634 2930; x_wconf 91' lang='lat' dir='ltr'>Cf.</span> <span class='ocrx_word' id='word_1_357' title='bbox 1654 2892 1713 2929; x_wconf 91' lang='lat' dir='ltr'>Du</span> <span class='ocrx_word' id='word_1_358' title='bbox 1734 2897 1870 2943; x_wconf 69' lang='lat' dir='ltr'>Gange,</span> <span class='ocrx_word' id='word_1_359' title='bbox 1887 2910 1949 2932; x_wconf 82' lang='lat' dir='ltr'>s.v.</span> 
     </span>
    </p>
   </div>
   <div class='ocr_carea' id='block_1_15' title="bbox 1178 3167 1239 3208">
    <p class='ocr_par' dir='ltr' id='par_1_16' title="bbox 1178 3167 1239 3208">
     <span class='ocr_line' id='line_1_53' title="bbox 1178 3167 1239 3208; baseline 0.016 -1"><span class='ocrx_word' id='word_1_360' title='bbox 1178 3167 1239 3208; x_wconf 81' lang='lat'>46</span> 
     </span>
    </p>
   </div>
  </div>
 </body>
</html>
