2247 3637
429 528 468 557 30

430 862 470 892 35

433 1197 470 1225 40

432 1531 470 1560 45

433 1864 471 1893 50

435 2197 474 2227 55

436 2536 473 2566 60

507 201 977 258 EPISTULAE
1039 202 1631 260 OBSCURORUM
1687 202 2097 259 VIRORUM

502 311 555 358 in
579 310 757 358 multis
782 310 1093 376 oppositum,
1120 317 1173 359 et
1197 311 1417 376 probant
1445 326 1535 374 per
1562 327 1668 366 vos,
1695 309 1933 358 videlicet
1957 310 2098 373 quod

503 378 623 426 estis
649 378 815 425 multo
840 378 1139 442 profundior
1162 377 1215 425 in
1239 384 1347 425 arte
1369 376 1636 441 poeticali;
1674 393 1794 424 cum
1820 377 1914 424 hoc
1940 376 2097 424 etiam

502 444 786 493 ostendunt
822 445 961 509 quod
1002 461 1104 492 non
1146 450 1222 492 est
1262 444 1389 490 bene
1430 443 1675 491 fundatus
1712 443 1765 491 in
1807 443 2097 507 quantitate

502 511 827 575 syllabarum,
853 518 1005 576 prout
1041 510 1350 559 determinat
1385 510 1628 574 magister
1663 511 1725 558 de
1758 510 1895 558 Villa
1929 510 2010 558 dei
2045 509 2097 558 in

502 577 655 627 tertia
691 577 782 634 sui,
819 595 975 642 quam
1013 578 1107 626 iste
1151 577 1352 624 videtur
1392 593 1496 624 non
1538 577 1847 626 sufficienter
1888 577 2096 641 legisse3

503 653 658 709 atque
693 645 957 693 deducunt
994 650 1170 692 contra
1211 644 1380 707 ipsum
1422 643 1682 692 intentum
1725 661 1876 693 suum
1920 643 2095 691 multi-

504 712 716 777 pliciter.
790 711 966 759 Primo
991 728 1079 775 per
1104 726 1293 758 nomen
1330 717 1576 767 vestrum,
1602 718 1655 759 et
1679 711 1775 759 hoc
1808 711 2094 776 dupliciter.

506 780 681 827 Primo
701 779 783 826 sic.
859 787 885 804 ‘⁶
904 778 1042 826 Ecce
1065 777 1161 825 iste
1188 777 1301 825 vult
1323 777 1622 842 profundior
1640 795 1747 826 esse
1765 785 1917 843 poeta
1940 795 2096 842 quam

505 847 747 911 magister
773 845 1037 901 OrtvinuS,
1064 850 1118 892 et
1142 850 1318 892 tamen
1343 860 1533 892 nomen
1558 862 1708 893 suum
1745 862 1847 893 non
1884 846 2093 910 patitur.

506 914 747 960 Profecto
777 912 1019 976 magister
1046 911 1294 959 Ortvinus
1319 911 1507 960 dicitur
1531 912 1742 960 Gratius
1779 930 1808 960 a
1844 911 2096 976 supernali

503 980 681 1044 gratia,
718 995 848 1042 quae
886 984 1098 1026 vocatur
1131 977 1296 1042 gratia
1328 979 1487 1042 gratis
1522 979 1656 1034 data,
1682 979 1802 1043 quia
1837 978 1958 1026 alias
1993 995 2097 1027 non

505 1045 736 1110 poteritis
783 1045 997 1093 scribere
1043 1051 1152 1092 tam
1200 1045 1455 1109 profunda
1503 1046 1781 1094 dictamina
1828 1045 2097 1112 poeticalia

506 1114 612 1161 sine
637 1112 722 1159 illa
745 1112 911 1176 gratia
933 1112 1090 1176 gratis
1126 1113 1248 1160 data
1284 1113 1427 1160 vobis
1459 1129 1548 1177 per
1579 1114 1815 1178 spiritum
1841 1120 2095 1169 sanctum,

505 1179 592 1243 qui
625 1179 713 1227 ubi
749 1179 862 1227 vult
899 1179 1084 1244 spirat;
1122 1186 1175 1228 et
1211 1195 1299 1227 vos
1336 1196 1449 1228 eam
1485 1180 1796 1245 impetrastis
1821 1197 1909 1245 per
1933 1179 2097 1228 humi-

506 1247 705 1294 litatem
731 1252 984 1294 vestram:
1022 1247 1147 1295 deus
1181 1247 1317 1295 enim
1354 1246 1541 1295 resistit
1577 1248 1820 1312 superbis,
1848 1254 1900 1296 et
1931 1246 2097 1294 humi-

502 1313 634 1361 libus
670 1314 759 1360 dat
790 1313 1057 1378 gratiam.”
1129 1313 1235 1370 Qui
1273 1321 1496 1362 vestram
1531 1315 1779 1379 poetriam
1815 1314 2014 1379 legunt,
2044 1320 2098 1362 et

504 1380 804 1444 intelligunt
828 1381 1111 1445 negotium,
1137 1381 1367 1428 fatentur
1403 1382 1454 1429 in
1491 1382 1798 1430 conscientia
1834 1399 1924 1430 sua
1959 1381 2098 1445 quod

504 1463 607 1495 non
627 1447 824 1496 habetis
843 1465 1033 1512 parem,
1054 1454 1106 1496 et
1125 1448 1376 1496 mirantur
1400 1448 1538 1512 quod
1564 1448 1659 1497 iste
1685 1456 1762 1497 est
1786 1448 1856 1497 sic
1880 1448 2098 1496 insulsus

505 1521 558 1563 et
603 1514 989 1571 inverecundus,
1037 1516 1175 1578 quod
1218 1515 1331 1562 vult
1379 1531 1486 1564 esse
1529 1532 1678 1580 super
1726 1532 1844 1564 vos:
1891 1516 2098 1579 quando

505 1598 638 1629 unus
673 1598 799 1646 puer
834 1588 1004 1646 posset
1041 1582 1323 1646 intelligere
1353 1583 1490 1647 quod
1519 1583 1665 1631 illum
1695 1582 1943 1631 excellitis
1968 1582 2099 1630 sicut

506 1649 820 1696 Laborintus
868 1649 1159 1697 Cornutum
1201 1650 1418 1698 excellit
1494 1650 1598 1715 Ipsi
1640 1650 1825 1698 volunt
1865 1648 2099 1714 colligere

506 1716 785 1763 dictamina
821 1723 1003 1771 vestra,
1041 1723 1094 1764 et
1136 1733 1309 1764 curare
1356 1717 1645 1793 imprimere
1684 1734 1815 1792 quae
1857 1717 1908 1764 in
1951 1716 2099 1764 variis

506 1783 810 1831 tractatibus
858 1783 1096 1831 hincinde
1144 1783 1424 1848 scripsistis,
1474 1784 1712 1832 videlicet
1770 1784 1821 1831 in
1872 1790 2098 1832 tractatu

507 1849 735 1914 magistri
776 1850 937 1898 nostri
974 1851 1038 1898 de
1074 1850 1343 1915 'lungaris,
1379 1851 1567 1898 summi
1602 1852 1824 1915 regentis
1862 1851 1913 1898 in
1950 1851 2099 1898 bursa

508 1916 791 1971 Laurentii,
835 1917 887 1964 in
934 1923 1158 1965 tractatu
1206 1918 1269 1965 de
1317 1917 1622 1966 scandalosis
1670 1916 2100 1982 propositionibus

510 1983 715 2031 Ioannis
741 1984 1014 2039 Reuchlin,
1040 1984 1091 2032 in
1119 1984 1443 2033 Sentimento
1469 1984 1817 2040 Parrhisiensi,
1845 1984 1896 2033 in
1922 1983 2100 2032 multis

507 2050 811 2099 tractatibus
849 2050 1043 2099 domini
1082 2052 1289 2100 Ioannis
1333 2052 1670 2107 Pfefferkorn,
1707 2052 1795 2115 qui
1837 2051 1937 2100 fuit
1977 2051 2099 2099 olim

511 2117 748 2173 Iudaeus,
776 2124 828 2166 et
853 2135 990 2166 nunc
1016 2124 1093 2167 est
1118 2119 1345 2183 optimus
1373 2119 1707 2167 Christianus.
1782 2119 1888 2185 Ipsi
1912 2118 2101 2166 timent

509 2184 648 2247 quod
684 2184 805 2232 alias
841 2191 1013 2249 peieat
1050 2192 1217 2233 vestra
1251 2185 1462 2251 poetria,
1489 2192 1541 2234 et
1578 2186 1758 2234 dicunt
1794 2186 1933 2250 quod
1969 2190 2100 2233 esset

508 2268 670 2298 unum
697 2251 983 2299 maximum
1003 2253 1298 2301 scandalum
1323 2253 1456 2301 illius
1481 2254 1728 2318 temporis
1753 2259 1806 2301 et
1831 2259 2100 2328 peccatum

509 2318 738 2374 mor,tale
756 2317 795 2365 si
811 2318 996 2383 periret
1014 2336 1103 2384 per
1119 2320 1502 2384 negligentiam,
1519 2326 1571 2368 et
1591 2337 1694 2368 non
1710 2320 2099 2385 imprimeretur.

509 2385 675 2434 Orant
693 2385 849 2434 etiam
866 2385 1060 2433 domini
1079 2386 1309 2450 magistii
1328 2388 1467 2451 quod
1486 2387 1766 2452 dignemini
1785 2386 1879 2435 sibi
1897 2386 2103 2434 mittere

508 2452 795 2517 apologiam
833 2458 1054 2500 vestram
1091 2460 1269 2501 contra
1312 2455 1560 2503 Ioannem
1603 2454 1875 2510 Reuchlin,
1913 2453 1964 2500 in
2001 2469 2103 2516 qua

509 2519 709 2568 realiter
755 2518 1012 2567 tribulatis
1059 2519 1203 2567 illum
1251 2527 1579 2585 praetensum
1634 2521 1914 2576 doctorem,
1961 2520 2102 2583 quod

509 2587 665 2634 audet
690 2586 985 2652 oppositum
1013 2592 1187 2635 tenere
1223 2593 1400 2635 contra
1436 2593 1682 2651 quattuor
1718 2586 2101 2635 universitates:

555 2682 582 2701 3⁶

607 2685 799 2726 snpernalz'.
835 2683 911 2718 Not
927 2682 1125 2718 elsewhere
1143 2683 1268 2718 found.
1343 2684 1507 2718 “Lector
1540 2683 1740 2718 condoleus
1783 2684 1985 2718 Eberhardi
2026 2696 2104 2719 car-

557 2760 584 2781 u
861 2775 867 2780 ,
887 2763 893 2769 -
1439 2731 1548 2764 minis
1566 2729 1678 2763 ullam

611 2764 718 2796 deus:
743 2762 868 2797 J³¹ne⁵
886 2774 931 2795 ιν·
954 2762 985 2795 6·
1382 2778 1418 2810 5ἰ
1437 2778 1570 2811 cariem
1589 2777 1721 2812 videas.
1774 2776 1912 2823 Vigilet
1924 2779 2105 2812 correctio

558 2837 583 2856 ⁴⁷
610 2840 844 2873 Laborintus:
868 2838 934 2873 the
961 2838 1222 2883 LabyrinthuS,
1249 2852 1270 2872 a
1437 2823 1582 2858 numa„

510 2896 614 2929 poem
643 2886 669 2902 “
682 2886 726 2920 de
753 2887 907 2920 miseriis
934 2890 1118 2920 rectorum
1143 2885 1271 2920 Schol-
1342 2888 1373 2921 A
1394 2887 1471 2921 MS.
1487 2888 1529 2921 of
1542 2888 1615 2922 this
1632 2893 1671 2922 at
1687 2887 1960 2923 Wolfenbmtel
1978 2888 2103 2922 makes

508 2931 646 2974 arum,”
695 2932 897 2967 attributed
952 2937 990 2966 to
1045 2932 1184 2966 Ebrard
1225 2933 1270 2967 de
1339 2946 1386 2968 au
1412 2935 1863 2978 ·1ut}10r‚‘La}.·›oni11tus,”
1887 2940 1953 2970 out
1977 2936 2019 2969 of
2039 2935 2103 2969 the

512 2977 680 3013 Be'thuue
713 2979 963 3022 (Eberhardus
996 2979 1270 3020 Bethuniensis,
1341 2981 1435 3015 title.
1502 2982 1568 3016 See
1604 2982 1782 3028 l'‹›l)carp
1824 2984 1915 3028 Leys
1918 2994 1968 3024 er,
2014 2984 2102 3015 Ili-st.

511 3024 647 3058 xlllth
674 3025 793 3068 Cent.‚
811 3025 929 3061 called
950 3027 1158 3070 Graevista),
1175 3005 1270 3061 froni
1341 3030 1433 3061 Poet.
1464 3033 1495 3062 et
1525 3030 1759 3065 Poe211.lsed.
1787 3029 2016 3074 Amasti-«lle
2040 3028 2102 3072 (011

509 3071 555 3104 its
575 3071 836 3106 conclusion—
1340 3075 1600 3119 s1a1e),17·21.

1271 3136 1333 3177 98
