<?xml version="1.0" encoding="UTF-8"?>
<!DOCTYPE html PUBLIC "-//W3C//DTD XHTML 1.0 Transitional//EN"
    "http://www.w3.org/TR/xhtml1/DTD/xhtml1-transitional.dtd">
<html xmlns="http://www.w3.org/1999/xhtml" xml:lang="en" lang="en">
 <head>
  <title>
</title>
<meta http-equiv="Content-Type" content="text/html;charset=utf-8" />
  <meta name='ocr-system' content='tesseract 3.04.00' />
  <meta name='ocr-capabilities' content='ocr_page ocr_carea ocr_par ocr_line ocrx_word'/>
</head>
<body>
  <div class='ocr_page' id='page_1' title='image "./epistolaeobscuro00huttuoft_0391.png"; bbox 0 0 2247 3637; ppageno 0'>
   <div class='ocr_carea' id='block_1_1' title="bbox 235 244 1376 304">
    <p class='ocr_par' dir='ltr' id='par_1_1' title="bbox 235 244 1376 304">
     <span class='ocr_line' id='line_1_1' title="bbox 235 244 1376 304; baseline 0.01 -13"><span class='ocrx_word' id='word_1_1' title='bbox 235 254 288 292; x_wconf 88' lang='lat'>11.</span> <span class='ocrx_word' id='word_1_2' title='bbox 312 257 379 304; x_wconf 90' lang='lat'>58]</span> <span class='ocrx_word' id='word_1_3' title='bbox 699 244 896 301; x_wconf 82' lang='lat' dir='ltr'>IRUS</span> <span class='ocrx_word' id='word_1_4' title='bbox 953 245 1376 302; x_wconf 83' lang='lat' dir='ltr'>PERLIRUS</span> 
     </span>
    </p>
   </div>
   <div class='ocr_carea' id='block_1_2' title="bbox 230 353 1827 1021">
    <p class='ocr_par' dir='ltr' id='par_1_2' title="bbox 230 353 1827 1021">
     <span class='ocr_line' id='line_1_2' title="bbox 231 353 1825 421; baseline 0.001 -19"><span class='ocrx_word' id='word_1_5' title='bbox 231 353 271 402; x_wconf 93' lang='lat' dir='ltr'>si</span> <span class='ocrx_word' id='word_1_6' title='bbox 308 371 404 418; x_wconf 85' lang='lat' dir='ltr'>ego</span> <span class='ocrx_word' id='word_1_7' title='bbox 440 370 543 401; x_wconf 92' lang='lat' dir='ltr'>non</span> <span class='ocrx_word' id='word_1_8' title='bbox 568 353 700 402; x_wconf 87' lang='lat' dir='ltr'>dabo</span> <span class='ocrx_word' id='word_1_9' title='bbox 738 353 1059 402; x_wconf 72' lang='lat' dir='ltr'><strong>Sententiam</strong></span> <span class='ocrx_word' id='word_1_10' title='bbox 1096 371 1188 420; x_wconf 91' lang='lat' dir='ltr'>pro</span> <span class='ocrx_word' id='word_1_11' title='bbox 1218 354 1352 419; x_wconf 83' lang='lat' dir='ltr'>ipsiS‚</span> <span class='ocrx_word' id='word_1_12' title='bbox 1386 361 1512 403; x_wconf 91' lang='lat' dir='ltr'>tunc</span> <span class='ocrx_word' id='word_1_13' title='bbox 1549 355 1642 421; x_wconf 91' lang='lat' dir='ltr'>ipsi</span> <span class='ocrx_word' id='word_1_14' title='bbox 1676 362 1825 405; x_wconf 92' lang='lat' dir='ltr'>erunt</span> 
     </span>
     <span class='ocr_line' id='line_1_3' title="bbox 233 421 1825 486; baseline 0.003 -18"><span class='ocrx_word' id='word_1_15' title='bbox 233 421 283 469; x_wconf 91' lang='lat' dir='ltr'>in</span> <span class='ocrx_word' id='word_1_16' title='bbox 320 422 548 469; x_wconf 87' lang='lat' dir='ltr'>maximo</span> <span class='ocrx_word' id='word_1_17' title='bbox 584 427 888 486; x_wconf 91' lang='lat' dir='ltr'>contemptu</span> <span class='ocrx_word' id='word_1_18' title='bbox 923 428 976 469; x_wconf 83' lang='lat' dir='ltr'>et</span> <span class='ocrx_word' id='word_1_19' title='bbox 1017 421 1277 486; x_wconf 90' lang='lat' dir='ltr'>despectu,</span> <span class='ocrx_word' id='word_1_20' title='bbox 1315 422 1390 470; x_wconf 88' lang='lat' dir='ltr'>Et</span> <span class='ocrx_word' id='word_1_21' title='bbox 1424 428 1566 470; x_wconf 85' lang='lat' dir='ltr'>totus</span> <span class='ocrx_word' id='word_1_22' title='bbox 1603 424 1825 472; x_wconf 91' lang='lat' dir='ltr'>mundus</span> 
     </span>
     <span class='ocr_line' id='line_1_4' title="bbox 232 487 1825 553; baseline 0.003 -18"><span class='ocrx_word' id='word_1_23' title='bbox 232 488 326 536; x_wconf 89' lang='lat' dir='ltr'>erit</span> <span class='ocrx_word' id='word_1_24' title='bbox 363 487 598 536; x_wconf 91' lang='lat' dir='ltr'>inimicus</span> <span class='ocrx_word' id='word_1_25' title='bbox 632 505 826 543; x_wconf 90' lang='lat' dir='ltr'>eorum,</span> <span class='ocrx_word' id='word_1_26' title='bbox 852 495 904 536; x_wconf 94' lang='lat' dir='ltr'>et</span> <span class='ocrx_word' id='word_1_27' title='bbox 934 505 1086 536; x_wconf 91' lang='lat' dir='ltr'>nemo</span> <span class='ocrx_word' id='word_1_28' title='bbox 1123 488 1265 536; x_wconf 88' lang='lat' dir='ltr'>dabit</span> <span class='ocrx_word' id='word_1_29' title='bbox 1295 487 1365 537; x_wconf 90' lang='lat' dir='ltr'>eis</span> <span class='ocrx_word' id='word_1_30' title='bbox 1394 488 1749 553; x_wconf 87' lang='lat' dir='ltr'>Elemosynas,</span> <span class='ocrx_word' id='word_1_31' title='bbox 1775 497 1825 539; x_wconf 85' lang='lat' dir='ltr'>et</span> 
     </span>
     <span class='ocr_line' id='line_1_5' title="bbox 230 554 1826 606; baseline 0.003 -4"><span class='ocrx_word' id='word_1_32' title='bbox 230 555 558 603; x_wconf 80' lang='lat' dir='ltr'>destruentur</span> <span class='ocrx_word' id='word_1_33' title='bbox 576 555 882 603; x_wconf 87' lang='lat' dir='ltr'>monasteria</span> <span class='ocrx_word' id='word_1_34' title='bbox 900 571 1076 603; x_wconf 92' lang='lat' dir='ltr'>eorum</span> <span class='ocrx_word' id='word_1_35' title='bbox 1096 573 1105 603; x_wconf 94' lang='lat'><strong>:</strong></span> <span class='ocrx_word' id='word_1_36' title='bbox 1138 561 1263 603; x_wconf 92' lang='lat' dir='ltr'>tunc</span> <span class='ocrx_word' id='word_1_37' title='bbox 1282 554 1431 603; x_wconf 85' lang='lat' dir='ltr'>ibunt</span> <span class='ocrx_word' id='word_1_38' title='bbox 1450 555 1502 602; x_wconf 93' lang='lat' dir='ltr'>in</span> <span class='ocrx_word' id='word_1_39' title='bbox 1524 557 1826 606; x_wconf 81' lang='lat' dir='ltr'>Bohemiam</span> 
     </span>
     <span class='ocr_line' id='line_1_6' title="bbox 233 622 1826 687; baseline 0.001 -17"><span class='ocrx_word' id='word_1_40' title='bbox 233 622 314 670; x_wconf 87' lang='lat' dir='ltr'>vel</span> <span class='ocrx_word' id='word_1_41' title='bbox 338 622 494 670; x_wconf 89' lang='lat' dir='ltr'>etiam</span> <span class='ocrx_word' id='word_1_42' title='bbox 519 622 571 670; x_wconf 91' lang='lat' dir='ltr'>in</span> <span class='ocrx_word' id='word_1_43' title='bbox 596 622 837 670; x_wconf 82' lang='lat' dir='ltr'>Turciam</span> <span class='ocrx_word' id='word_1_44' title='bbox 863 629 915 671; x_wconf 89' lang='lat' dir='ltr'>et</span> <span class='ocrx_word' id='word_1_45' title='bbox 940 622 1320 687; x_wconf 89' lang='lat' dir='ltr'>praedicabunt,</span> <span class='ocrx_word' id='word_1_46' title='bbox 1341 622 1480 686; x_wconf 93' lang='lat' dir='ltr'>quod</span> <span class='ocrx_word' id='word_1_47' title='bbox 1505 623 1630 671; x_wconf 87' lang='lat' dir='ltr'>fides</span> <span class='ocrx_word' id='word_1_48' title='bbox 1656 624 1826 672; x_wconf 90' lang='lat' dir='ltr'>Chris-</span> 
     </span>
     <span class='ocr_line' id='line_1_7' title="bbox 231 689 1827 754; baseline 0.001 -17"><span class='ocrx_word' id='word_1_49' title='bbox 231 689 371 737; x_wconf 88' lang='lat' dir='ltr'>tiana</span> <span class='ocrx_word' id='word_1_50' title='bbox 412 706 514 736; x_wconf 92' lang='lat' dir='ltr'>non</span> <span class='ocrx_word' id='word_1_51' title='bbox 557 696 636 737; x_wconf 93' lang='lat' dir='ltr'>est</span> <span class='ocrx_word' id='word_1_52' title='bbox 677 706 822 737; x_wconf 86' lang='lat' dir='ltr'>vera:</span> <span class='ocrx_word' id='word_1_53' title='bbox 877 696 930 738; x_wconf 90' lang='lat' dir='ltr'>et</span> <span class='ocrx_word' id='word_1_54' title='bbox 970 690 1066 738; x_wconf 89' lang='lat' dir='ltr'>erit</span> <span class='ocrx_word' id='word_1_55' title='bbox 1105 706 1352 754; x_wconf 85' lang='lat' dir='ltr'>magnum</span> <span class='ocrx_word' id='word_1_56' title='bbox 1394 689 1662 738; x_wconf 90' lang='lat' dir='ltr'>malum.&#39;’&#39;</span> <span class='ocrx_word' id='word_1_57' title='bbox 1747 691 1827 739; x_wconf 91' lang='lat' dir='ltr'>Sit</span> 
     </span>
     <span class='ocr_line' id='line_1_8' title="bbox 231 755 1826 822; baseline 0.003 -21"><span class='ocrx_word' id='word_1_58' title='bbox 231 755 482 818; x_wconf 91' lang='lat' dir='ltr'>quidquid</span> <span class='ocrx_word' id='word_1_59' title='bbox 510 756 652 804; x_wconf 88' lang='lat' dir='ltr'>vult:</span> <span class='ocrx_word' id='word_1_60' title='bbox 691 756 807 821; x_wconf 85' lang='lat' dir='ltr'>Ego</span> <span class='ocrx_word' id='word_1_61' title='bbox 840 756 1025 805; x_wconf 89' lang='lat' dir='ltr'>vellem</span> <span class='ocrx_word' id='word_1_62' title='bbox 1061 757 1200 820; x_wconf 92' lang='lat' dir='ltr'>quod</span> <span class='ocrx_word' id='word_1_63' title='bbox 1236 756 1488 805; x_wconf 86' lang='lat' dir='ltr'>haberetis</span> <span class='ocrx_word' id='word_1_64' title='bbox 1524 757 1826 822; x_wconf 89' lang='lat' dir='ltr'>patientiam</span> 
     </span>
     <span class='ocr_line' id='line_1_9' title="bbox 231 823 1827 889; baseline 0.002 -20"><span class='ocrx_word' id='word_1_65' title='bbox 231 828 282 870; x_wconf 89' lang='lat' dir='ltr'>et</span> <span class='ocrx_word' id='word_1_66' title='bbox 307 838 409 869; x_wconf 92' lang='lat' dir='ltr'>non</span> <span class='ocrx_word' id='word_1_67' title='bbox 445 823 676 871; x_wconf 85' lang='lat' dir='ltr'>faceretis</span> <span class='ocrx_word' id='word_1_68' title='bbox 713 829 889 871; x_wconf 86' lang='lat' dir='ltr'>contra</span> <span class='ocrx_word' id='word_1_69' title='bbox 921 840 1106 888; x_wconf 87' lang='lat' dir='ltr'>papam</span> <span class='ocrx_word' id='word_1_70' title='bbox 1131 840 1221 871; x_wconf 88' lang='lat' dir='ltr'>vos</span> <span class='ocrx_word' id='word_1_71' title='bbox 1257 823 1523 889; x_wconf 88' lang='lat' dir='ltr'>Theologi,</span> <span class='ocrx_word' id='word_1_72' title='bbox 1549 841 1613 873; x_wconf 94' lang='lat' dir='ltr'>ne</span> <span class='ocrx_word' id='word_1_73' title='bbox 1649 840 1827 872; x_wconf 90' lang='lat' dir='ltr'>omnes</span> 
     </span>
     <span class='ocr_line' id='line_1_10' title="bbox 232 888 1827 940; baseline 0.003 -4"><span class='ocrx_word' id='word_1_74' title='bbox 232 888 508 937; x_wconf 80' lang='lat' dir='ltr'>Christiani</span> <span class='ocrx_word' id='word_1_75' title='bbox 557 890 657 938; x_wconf 88' lang='lat' dir='ltr'>sint</span> <span class='ocrx_word' id='word_1_76' title='bbox 704 890 897 939; x_wconf 89' lang='lat' dir='ltr'>inimici</span> <span class='ocrx_word' id='word_1_77' title='bbox 939 891 1106 939; x_wconf 81' lang='lat' dir='ltr'>vestri.</span> <span class='ocrx_word' id='word_1_78' title='bbox 1192 891 1266 939; x_wconf 92' lang='lat' dir='ltr'>Et</span> <span class='ocrx_word' id='word_1_79' title='bbox 1307 891 1474 940; x_wconf 87' lang='lat' dir='ltr'>valete</span> <span class='ocrx_word' id='word_1_80' title='bbox 1520 891 1573 940; x_wconf 92' lang='lat' dir='ltr'>in</span> <span class='ocrx_word' id='word_1_81' title='bbox 1618 891 1827 940; x_wconf 91' lang='lat' dir='ltr'>nomine</span> 
     </span>
     <span class='ocr_line' id='line_1_11' title="bbox 232 956 1259 1021; baseline 0.004 -18"><span class='ocrx_word' id='word_1_82' title='bbox 232 956 484 1021; x_wconf 86' lang='lat' dir='ltr'>unigeniti</span> <span class='ocrx_word' id='word_1_83' title='bbox 509 956 598 1004; x_wconf 91' lang='lat' dir='ltr'>filii</span> <span class='ocrx_word' id='word_1_84' title='bbox 623 957 717 1005; x_wconf 92' lang='lat' dir='ltr'>dei.</span> <span class='ocrx_word' id='word_1_85' title='bbox 791 958 995 1006; x_wconf 86' lang='lat' dir='ltr'>Datum</span> <span class='ocrx_word' id='word_1_86' title='bbox 1023 958 1259 1007; x_wconf 90' lang='lat' dir='ltr'>Bremen.</span> 
     </span>
    </p>
   </div>
   <div class='ocr_carea' id='block_1_3' title="bbox 936 1224 1131 1272">
    <p class='ocr_par' dir='ltr' id='par_1_3' title="bbox 936 1224 1131 1272">
     <span class='ocr_line' id='line_1_12' title="bbox 936 1224 1131 1272; baseline 0 -1"><span class='ocrx_word' id='word_1_87' title='bbox 936 1224 1131 1272; x_wconf 91' lang='lat' dir='ltr'>LVIII</span> 
     </span>
    </p>
   </div>
   <div class='ocr_carea' id='block_1_4' title="bbox 602 1362 1462 1477">
    <p class='ocr_par' dir='ltr' id='par_1_4' title="bbox 602 1362 1462 1477">
     <span class='ocr_line' id='line_1_13' title="bbox 602 1362 1462 1410; baseline 0 0"><span class='ocrx_word' id='word_1_88' title='bbox 602 1362 665 1410; x_wconf 62' lang='grc' dir='ltr'>ΕΙΣ</span> <span class='ocrx_word' id='word_1_89' title='bbox 702 1362 781 1409; x_wconf 82' lang='lat' dir='ltr'>M.</span> <span class='ocrx_word' id='word_1_90' title='bbox 822 1362 1012 1409; x_wconf 83' lang='lat' dir='ltr'>IRUS</span> <span class='ocrx_word' id='word_1_91' title='bbox 1052 1362 1462 1410; x_wconf 79' lang='lat' dir='ltr'><em>PERLIRUS</em></span> 
     </span>
     <span class='ocr_line' id='line_1_14' title="bbox 745 1428 1315 1477; baseline 0.004 -2"><span class='ocrx_word' id='word_1_92' title='bbox 745 1429 824 1476; x_wconf 83' lang='lat' dir='ltr'>M.</span> <span class='ocrx_word' id='word_1_93' title='bbox 869 1428 1086 1477; x_wconf 76' lang='lat' dir='ltr'>Ortvino</span> <span class='ocrx_word' id='word_1_94' title='bbox 1126 1429 1315 1477; x_wconf 76' lang='lat' dir='ltr'>Gratio</span> 
     </span>
    </p>
   </div>
   <div class='ocr_carea' id='block_1_5' title="bbox 226 1562 1826 2836">
    <p class='ocr_par' dir='ltr' id='par_1_5' title="bbox 226 1562 1826 2836">
     <span class='ocr_line' id='line_1_15' title="bbox 325 1562 1825 1627; baseline 0.002 -17"><span class='ocrx_word' id='word_1_95' title='bbox 325 1563 488 1610; x_wconf 88' lang='lat' dir='ltr'>ALU</span> <span class='ocrx_word' id='word_1_96' title='bbox 493 1563 608 1610; x_wconf 85' lang='lat' dir='ltr'>TIS</span> <span class='ocrx_word' id='word_1_97' title='bbox 636 1562 849 1627; x_wconf 90' lang='lat' dir='ltr'>copiam.</span> <span class='ocrx_word' id='word_1_98' title='bbox 924 1562 1238 1610; x_wconf 80' lang='lat' dir='ltr'>Venerabilis</span> <span class='ocrx_word' id='word_1_99' title='bbox 1264 1562 1352 1611; x_wconf 79' lang='lat' dir='ltr'>vir.</span> <span class='ocrx_word' id='word_1_100' title='bbox 1428 1564 1696 1612; x_wconf 81' lang='lat' dir='ltr'>Venerunt</span> <span class='ocrx_word' id='word_1_101' title='bbox 1725 1565 1825 1614; x_wconf 95' lang='lat' dir='ltr'>huc</span> 
     </span>
     <span class='ocr_line' id='line_1_16' title="bbox 359 1629 1825 1696; baseline 0.002 -18"><span class='ocrx_word' id='word_1_102' title='bbox 359 1630 545 1694; x_wconf 85' lang='lat' dir='ltr'>scripta</span> <span class='ocrx_word' id='word_1_103' title='bbox 578 1636 745 1677; x_wconf 85' lang='lat' dir='ltr'>vestra</span> <span class='ocrx_word' id='word_1_104' title='bbox 777 1629 841 1676; x_wconf 89' lang='lat' dir='ltr'>ad</span> <span class='ocrx_word' id='word_1_105' title='bbox 874 1629 1282 1678; x_wconf 86' lang='lat' dir='ltr'>Universitatem</span> <span class='ocrx_word' id='word_1_106' title='bbox 1312 1647 1441 1694; x_wconf 90' lang='lat' dir='ltr'>quae</span> <span class='ocrx_word' id='word_1_107' title='bbox 1471 1633 1825 1696; x_wconf 80' lang='lat' dir='ltr'>composuistis</span> 
     </span>
     <span class='ocr_line' id='line_1_17' title="bbox 231 1697 1825 1763; baseline 0.002 -18"><span class='ocrx_word' id='word_1_108' title='bbox 231 1703 409 1745; x_wconf 91' lang='lat' dir='ltr'>contra</span> <span class='ocrx_word' id='word_1_109' title='bbox 435 1697 719 1745; x_wconf 86' lang='lat' dir='ltr'>Iohannem</span> <span class='ocrx_word' id='word_1_110' title='bbox 755 1697 1041 1745; x_wconf 88' lang='lat' dir='ltr'>Reuchlin:</span> <span class='ocrx_word' id='word_1_111' title='bbox 1079 1713 1211 1761; x_wconf 88' lang='lat' dir='ltr'>quae</span> <span class='ocrx_word' id='word_1_112' title='bbox 1235 1697 1433 1761; x_wconf 79' lang='lat' dir='ltr'>antiqui</span> <span class='ocrx_word' id='word_1_113' title='bbox 1469 1698 1708 1763; x_wconf 80' lang='lat' dir='ltr'>Magistri</span> <span class='ocrx_word' id='word_1_114' title='bbox 1744 1700 1825 1749; x_wconf 89' lang='lat' dir='ltr'>hic</span> 
     </span>
     <span class='ocr_line' id='line_1_18' title="bbox 231 1763 1825 1831; baseline 0.002 -19"><span class='ocrx_word' id='word_1_115' title='bbox 231 1764 379 1812; x_wconf 88' lang='lat' dir='ltr'>valde</span> <span class='ocrx_word' id='word_1_116' title='bbox 411 1764 638 1819; x_wconf 90' lang='lat' dir='ltr'>laudant,</span> <span class='ocrx_word' id='word_1_117' title='bbox 665 1763 752 1812; x_wconf 92' lang='lat' dir='ltr'>sed</span> <span class='ocrx_word' id='word_1_118' title='bbox 788 1763 907 1811; x_wconf 86' lang='lat' dir='ltr'>novi</span> <span class='ocrx_word' id='word_1_119' title='bbox 943 1770 994 1812; x_wconf 94' lang='lat' dir='ltr'>et</span> <span class='ocrx_word' id='word_1_120' title='bbox 1030 1764 1239 1812; x_wconf 85' lang='lat' dir='ltr'>iuvenes</span> <span class='ocrx_word' id='word_1_121' title='bbox 1275 1780 1380 1812; x_wconf 92' lang='lat' dir='ltr'>non</span> <span class='ocrx_word' id='word_1_122' title='bbox 1415 1770 1597 1813; x_wconf 90' lang='lat' dir='ltr'>tenent</span> <span class='ocrx_word' id='word_1_123' title='bbox 1634 1765 1825 1831; x_wconf 89' lang='lat' dir='ltr'>aliquid</span> 
     </span>
     <span class='ocr_line' id='line_1_19' title="bbox 230 1830 1826 1895; baseline 0.002 -16"><span class='ocrx_word' id='word_1_124' title='bbox 230 1832 294 1879; x_wconf 95' lang='lat' dir='ltr'>de</span> <span class='ocrx_word' id='word_1_125' title='bbox 318 1831 403 1887; x_wconf 91' lang='lat' dir='ltr'>eis,</span> <span class='ocrx_word' id='word_1_126' title='bbox 428 1831 655 1879; x_wconf 90' lang='lat' dir='ltr'>dicentes</span> <span class='ocrx_word' id='word_1_127' title='bbox 680 1831 820 1895; x_wconf 91' lang='lat' dir='ltr'>quod</span> <span class='ocrx_word' id='word_1_128' title='bbox 844 1847 907 1878; x_wconf 84' lang='lat' dir='ltr'>ex</span> <span class='ocrx_word' id='word_1_129' title='bbox 940 1830 1130 1878; x_wconf 81' lang='lat' dir='ltr'>invidia</span> <span class='ocrx_word' id='word_1_130' title='bbox 1159 1831 1356 1879; x_wconf 87' lang='lat' dir='ltr'>vexatis</span> <span class='ocrx_word' id='word_1_131' title='bbox 1392 1831 1587 1880; x_wconf 94' lang='lat' dir='ltr'>bonum</span> <span class='ocrx_word' id='word_1_132' title='bbox 1624 1833 1826 1882; x_wconf 84' lang='lat' dir='ltr'>Reueh-</span> 
     </span>
     <span class='ocr_line' id='line_1_20' title="bbox 227 1897 1825 1961; baseline 0.002 -15"><span class='ocrx_word' id='word_1_133' title='bbox 227 1898 314 1946; x_wconf 88' lang='lat' dir='ltr'>lin.</span> <span class='ocrx_word' id='word_1_134' title='bbox 388 1898 462 1945; x_wconf 90' lang='lat' dir='ltr'>Et</span> <span class='ocrx_word' id='word_1_135' title='bbox 486 1899 692 1961; x_wconf 91' lang='lat' dir='ltr'>quando</span> <span class='ocrx_word' id='word_1_136' title='bbox 716 1897 986 1946; x_wconf 85' lang='lat' dir='ltr'>habuimus</span> <span class='ocrx_word' id='word_1_137' title='bbox 1012 1897 1278 1946; x_wconf 90' lang='lat' dir='ltr'>consilium</span> <span class='ocrx_word' id='word_1_138' title='bbox 1307 1915 1371 1946; x_wconf 89' lang='lat' dir='ltr'>an</span> <span class='ocrx_word' id='word_1_139' title='bbox 1395 1898 1552 1947; x_wconf 86' lang='lat' dir='ltr'>etiam</span> <span class='ocrx_word' id='word_1_140' title='bbox 1578 1900 1825 1950; x_wconf 84' lang='lat' dir='ltr'>vellemus</span> 
     </span>
     <span class='ocr_line' id='line_1_21' title="bbox 229 1965 1826 2029; baseline 0.002 -16"><span class='ocrx_word' id='word_1_141' title='bbox 229 1965 532 2013; x_wconf 82' lang='lat' dir='ltr'>concludere</span> <span class='ocrx_word' id='word_1_142' title='bbox 568 1972 747 2013; x_wconf 90' lang='lat' dir='ltr'>contra</span> <span class='ocrx_word' id='word_1_143' title='bbox 784 1965 1062 2029; x_wconf 84' lang='lat' dir='ltr'>Speculum</span> <span class='ocrx_word' id='word_1_144' title='bbox 1099 1965 1333 2022; x_wconf 89' lang='lat' dir='ltr'>Oculare‚</span> <span class='ocrx_word' id='word_1_145' title='bbox 1370 1973 1496 2014; x_wconf 92' lang='lat' dir='ltr'>tunc</span> <span class='ocrx_word' id='word_1_146' title='bbox 1532 1966 1603 2015; x_wconf 90' lang='lat' dir='ltr'>illi</span> <span class='ocrx_word' id='word_1_147' title='bbox 1639 1969 1826 2016; x_wconf 82' lang='lat' dir='ltr'>novelli</span> 
     </span>
     <span class='ocr_line' id='line_1_22' title="bbox 229 2032 1825 2101; baseline 0.002 -21"><span class='ocrx_word' id='word_1_148' title='bbox 229 2032 318 2096; x_wconf 92' lang='lat' dir='ltr'>qui</span> <span class='ocrx_word' id='word_1_149' title='bbox 336 2049 440 2080; x_wconf 93' lang='lat' dir='ltr'>non</span> <span class='ocrx_word' id='word_1_150' title='bbox 459 2038 580 2080; x_wconf 90' lang='lat' dir='ltr'>sunt</span> <span class='ocrx_word' id='word_1_151' title='bbox 604 2032 770 2080; x_wconf 89' lang='lat' dir='ltr'>adhuc</span> <span class='ocrx_word' id='word_1_152' title='bbox 795 2032 915 2081; x_wconf 90' lang='lat' dir='ltr'>satis</span> <span class='ocrx_word' id='word_1_153' title='bbox 939 2032 1348 2098; x_wconf 87' lang='lat' dir='ltr'>experimentati‚</span> <span class='ocrx_word' id='word_1_154' title='bbox 1369 2039 1649 2082; x_wconf 90' lang='lat' dir='ltr'>tenuerunt</span> <span class='ocrx_word' id='word_1_155' title='bbox 1668 2052 1825 2101; x_wconf 92' lang='lat' dir='ltr'>oppo-</span> 
     </span>
     <span class='ocr_line' id='line_1_23' title="bbox 230 2099 1825 2164; baseline 0.002 -16"><span class='ocrx_word' id='word_1_156' title='bbox 230 2101 388 2148; x_wconf 91' lang='lat' dir='ltr'>situm</span> <span class='ocrx_word' id='word_1_157' title='bbox 413 2099 635 2164; x_wconf 86' lang='lat' dir='ltr'>antiquis</span> <span class='ocrx_word' id='word_1_158' title='bbox 660 2099 772 2155; x_wconf 85' lang='lat' dir='ltr'>illis,</span> <span class='ocrx_word' id='word_1_159' title='bbox 793 2100 1020 2148; x_wconf 91' lang='lat' dir='ltr'>dicentes</span> <span class='ocrx_word' id='word_1_160' title='bbox 1039 2100 1178 2163; x_wconf 95' lang='lat' dir='ltr'>quod</span> <span class='ocrx_word' id='word_1_161' title='bbox 1198 2100 1456 2149; x_wconf 86' lang='lat' dir='ltr'>Reuchlin</span> <span class='ocrx_word' id='word_1_162' title='bbox 1481 2107 1557 2149; x_wconf 91' lang='lat' dir='ltr'>est</span> <span class='ocrx_word' id='word_1_163' title='bbox 1581 2102 1825 2151; x_wconf 91' lang='lat' dir='ltr'>innocens</span> 
     </span>
     <span class='ocr_line' id='line_1_24' title="bbox 229 2166 1825 2234; baseline 0.002 -19"><span class='ocrx_word' id='word_1_164' title='bbox 229 2174 282 2215; x_wconf 91' lang='lat' dir='ltr'>et</span> <span class='ocrx_word' id='word_1_165' title='bbox 313 2183 581 2230; x_wconf 91' lang='lat' dir='ltr'>nunquam</span> <span class='ocrx_word' id='word_1_166' title='bbox 607 2166 803 2231; x_wconf 87' lang='lat' dir='ltr'>scripsit</span> <span class='ocrx_word' id='word_1_167' title='bbox 838 2166 1031 2231; x_wconf 91' lang='lat' dir='ltr'>aliquid</span> <span class='ocrx_word' id='word_1_168' title='bbox 1066 2167 1397 2216; x_wconf 89' lang='lat' dir='ltr'>haereticum.</span> <span class='ocrx_word' id='word_1_169' title='bbox 1469 2168 1544 2217; x_wconf 88' lang='lat' dir='ltr'>Et</span> <span class='ocrx_word' id='word_1_170' title='bbox 1568 2168 1638 2217; x_wconf 90' lang='lat' dir='ltr'>sic</span> <span class='ocrx_word' id='word_1_171' title='bbox 1662 2187 1825 2234; x_wconf 90' lang='lat' dir='ltr'>usque</span> 
     </span>
     <span class='ocr_line' id='line_1_25' title="bbox 229 2233 1824 2302; baseline 0.003 -21"><span class='ocrx_word' id='word_1_172' title='bbox 229 2234 396 2282; x_wconf 87' lang='lat' dir='ltr'>adhuc</span> <span class='ocrx_word' id='word_1_173' title='bbox 437 2234 847 2299; x_wconf 83' lang='lat' dir='ltr'>impediverunt:</span> <span class='ocrx_word' id='word_1_174' title='bbox 896 2233 1066 2282; x_wconf 90' lang='lat' dir='ltr'>nescio</span> <span class='ocrx_word' id='word_1_175' title='bbox 1107 2235 1247 2298; x_wconf 92' lang='lat' dir='ltr'>quod</span> <span class='ocrx_word' id='word_1_176' title='bbox 1294 2235 1385 2284; x_wconf 93' lang='lat' dir='ltr'>fiet</span> <span class='ocrx_word' id='word_1_177' title='bbox 1425 2242 1616 2299; x_wconf 90' lang='lat' dir='ltr'>postea.</span> <span class='ocrx_word' id='word_1_178' title='bbox 1706 2237 1824 2302; x_wconf 83' lang='lat' dir='ltr'>Ego</span> 
     </span>
     <span class='ocr_line' id='line_1_26' title="bbox 231 2300 1824 2368; baseline 0.003 -19"><span class='ocrx_word' id='word_1_179' title='bbox 231 2302 400 2350; x_wconf 90' lang='lat' dir='ltr'>Credo</span> <span class='ocrx_word' id='word_1_180' title='bbox 424 2301 562 2364; x_wconf 91' lang='lat' dir='ltr'>quod</span> <span class='ocrx_word' id='word_1_181' title='bbox 588 2300 911 2349; x_wconf 86' lang='lat' dir='ltr'>Universitas</span> <span class='ocrx_word' id='word_1_182' title='bbox 936 2301 1102 2349; x_wconf 87' lang='lat' dir='ltr'>adhuc</span> <span class='ocrx_word' id='word_1_183' title='bbox 1140 2301 1314 2350; x_wconf 90' lang='lat' dir='ltr'>scribit</span> <span class='ocrx_word' id='word_1_184' title='bbox 1349 2303 1581 2367; x_wconf 90' lang='lat' dir='ltr'>[peribit]</span> <span class='ocrx_word' id='word_1_185' title='bbox 1616 2311 1824 2368; x_wconf 91' lang='lat' dir='ltr'>propter</span> 
     </span>
     <span class='ocr_line' id='line_1_27' title="bbox 228 2368 1824 2434; baseline 0.003 -18"><span class='ocrx_word' id='word_1_186' title='bbox 228 2368 340 2416; x_wconf 89' lang='lat' dir='ltr'>illos</span> <span class='ocrx_word' id='word_1_187' title='bbox 356 2375 533 2434; x_wconf 87' lang='lat' dir='ltr'>poetas</span> <span class='ocrx_word' id='word_1_188' title='bbox 550 2368 636 2432; x_wconf 92' lang='lat' dir='ltr'>qui</span> <span class='ocrx_word' id='word_1_189' title='bbox 654 2374 773 2416; x_wconf 92' lang='lat' dir='ltr'>sunt</span> <span class='ocrx_word' id='word_1_190' title='bbox 789 2368 861 2416; x_wconf 89' lang='lat' dir='ltr'>ita</span> <span class='ocrx_word' id='word_1_191' title='bbox 876 2368 1028 2416; x_wconf 88' lang='lat' dir='ltr'>multi</span> <span class='ocrx_word' id='word_1_192' title='bbox 1044 2369 1183 2432; x_wconf 94' lang='lat' dir='ltr'>quod</span> <span class='ocrx_word' id='word_1_193' title='bbox 1200 2376 1277 2417; x_wconf 91' lang='lat' dir='ltr'>est</span> <span class='ocrx_word' id='word_1_194' title='bbox 1292 2370 1496 2418; x_wconf 90' lang='lat' dir='ltr'>mirum.</span> <span class='ocrx_word' id='word_1_195' title='bbox 1535 2369 1608 2417; x_wconf 89' lang='lat' dir='ltr'>Et</span> <span class='ocrx_word' id='word_1_196' title='bbox 1624 2371 1824 2420; x_wconf 87' lang='lat' dir='ltr'>noviter</span> 
     </span>
     <span class='ocr_line' id='line_1_28' title="bbox 228 2435 1822 2502; baseline 0.002 -19"><span class='ocrx_word' id='word_1_197' title='bbox 228 2435 438 2484; x_wconf 88' lang='lat' dir='ltr'>advenit</span> <span class='ocrx_word' id='word_1_198' title='bbox 472 2452 605 2483; x_wconf 93' lang='lat' dir='ltr'>unus</span> <span class='ocrx_word' id='word_1_199' title='bbox 642 2436 742 2483; x_wconf 92' lang='lat' dir='ltr'>huc</span> <span class='ocrx_word' id='word_1_200' title='bbox 767 2436 857 2499; x_wconf 92' lang='lat' dir='ltr'>qui</span> <span class='ocrx_word' id='word_1_201' title='bbox 892 2442 1104 2484; x_wconf 90' lang='lat' dir='ltr'>vocatur</span> <span class='ocrx_word' id='word_1_202' title='bbox 1141 2437 1328 2485; x_wconf 92' lang='lat' dir='ltr'>Petrus</span> <span class='ocrx_word' id='word_1_203' title='bbox 1366 2437 1708 2485; x_wconf 90' lang='lat' dir='ltr'>Mossellanus</span> <span class='ocrx_word' id='word_1_204' title='bbox 1734 2439 1822 2502; x_wconf 91' lang='lat' dir='ltr'>qui</span> 
     </span>
     <span class='ocr_line' id='line_1_29' title="bbox 228 2502 1820 2568; baseline 0.001 -18"><span class='ocrx_word' id='word_1_205' title='bbox 228 2509 304 2551; x_wconf 90' lang='lat' dir='ltr'>est</span> <span class='ocrx_word' id='word_1_206' title='bbox 328 2519 555 2567; x_wconf 86' lang='lat' dir='ltr'>graecus.</span> <span class='ocrx_word' id='word_1_207' title='bbox 628 2502 702 2550; x_wconf 91' lang='lat' dir='ltr'>Et</span> <span class='ocrx_word' id='word_1_208' title='bbox 727 2503 853 2551; x_wconf 89' lang='lat' dir='ltr'>alius</span> <span class='ocrx_word' id='word_1_209' title='bbox 879 2509 956 2551; x_wconf 92' lang='lat' dir='ltr'>est</span> <span class='ocrx_word' id='word_1_210' title='bbox 981 2502 1061 2551; x_wconf 93' lang='lat' dir='ltr'>hic</span> <span class='ocrx_word' id='word_1_211' title='bbox 1087 2503 1175 2567; x_wconf 93' lang='lat' dir='ltr'>qui</span> <span class='ocrx_word' id='word_1_212' title='bbox 1201 2503 1357 2551; x_wconf 89' lang='lat' dir='ltr'>etiam</span> <span class='ocrx_word' id='word_1_213' title='bbox 1382 2503 1507 2568; x_wconf 84' lang='lat' dir='ltr'>legit</span> <span class='ocrx_word' id='word_1_214' title='bbox 1532 2504 1583 2551; x_wconf 89' lang='lat' dir='ltr'>in</span> <span class='ocrx_word' id='word_1_215' title='bbox 1605 2504 1820 2561; x_wconf 87' lang='lat' dir='ltr'>Graeco,</span> 
     </span>
     <span class='ocr_line' id='line_1_30' title="bbox 227 2570 1821 2636; baseline 0.001 -19"><span class='ocrx_word' id='word_1_216' title='bbox 227 2577 439 2619; x_wconf 89' lang='lat' dir='ltr'>vocatus</span> <span class='ocrx_word' id='word_1_217' title='bbox 464 2570 715 2618; x_wconf 87' lang='lat' dir='ltr'>Ricardus</span> <span class='ocrx_word' id='word_1_218' title='bbox 742 2570 951 2626; x_wconf 84' lang='lat' dir='ltr'>CrocuS‚</span> <span class='ocrx_word' id='word_1_219' title='bbox 977 2576 1030 2619; x_wconf 87' lang='lat' dir='ltr'>et</span> <span class='ocrx_word' id='word_1_220' title='bbox 1054 2571 1196 2618; x_wconf 87' lang='lat' dir='ltr'>venit</span> <span class='ocrx_word' id='word_1_221' title='bbox 1221 2587 1284 2619; x_wconf 89' lang='lat' dir='ltr'>ex</span> <span class='ocrx_word' id='word_1_222' title='bbox 1306 2571 1511 2635; x_wconf 84' lang='lat' dir='ltr'>Anglia.</span> <span class='ocrx_word' id='word_1_223' title='bbox 1573 2570 1691 2636; x_wconf 87' lang='lat' dir='ltr'>Ego</span> <span class='ocrx_word' id='word_1_224' title='bbox 1716 2571 1821 2619; x_wconf 87' lang='lat' dir='ltr'>dixi</span> 
     </span>
     <span class='ocr_line' id='line_1_31' title="bbox 226 2637 1821 2702; baseline 0.002 -18"><span class='ocrx_word' id='word_1_225' title='bbox 226 2653 417 2702; x_wconf 90' lang='lat' dir='ltr'>nuper:</span> <span class='ocrx_word' id='word_1_226' title='bbox 456 2637 741 2692; x_wconf 90' lang='lat' dir='ltr'>“Diabole‚</span> <span class='ocrx_word' id='word_1_227' title='bbox 785 2638 926 2685; x_wconf 81' lang='lat' dir='ltr'>venit</span> <span class='ocrx_word' id='word_1_228' title='bbox 968 2638 1064 2686; x_wconf 90' lang='lat' dir='ltr'>iste</span> <span class='ocrx_word' id='word_1_229' title='bbox 1106 2654 1168 2685; x_wconf 85' lang='lat' dir='ltr'>ex</span> <span class='ocrx_word' id='word_1_230' title='bbox 1211 2637 1442 2702; x_wconf 71' lang='lat' dir='ltr'>Anglia?</span> <span class='ocrx_word' id='word_1_231' title='bbox 1512 2638 1630 2702; x_wconf 83' lang='lat' dir='ltr'>Ego</span> <span class='ocrx_word' id='word_1_232' title='bbox 1672 2638 1821 2687; x_wconf 92' lang='lat' dir='ltr'>credo</span> 
     </span>
     <span class='ocr_line' id='line_1_32' title="bbox 227 2703 1822 2770; baseline 0.003 -19"><span class='ocrx_word' id='word_1_233' title='bbox 227 2705 366 2767; x_wconf 88' lang='lat' dir='ltr'>quod</span> <span class='ocrx_word' id='word_1_234' title='bbox 408 2703 448 2752; x_wconf 92' lang='lat' dir='ltr'>si</span> <span class='ocrx_word' id='word_1_235' title='bbox 489 2711 622 2753; x_wconf 87' lang='lat' dir='ltr'>esset</span> <span class='ocrx_word' id='word_1_236' title='bbox 662 2720 796 2752; x_wconf 92' lang='lat' dir='ltr'>unus</span> <span class='ocrx_word' id='word_1_237' title='bbox 842 2710 996 2769; x_wconf 89' lang='lat' dir='ltr'>poeta</span> <span class='ocrx_word' id='word_1_238' title='bbox 1041 2704 1109 2752; x_wconf 93' lang='lat' dir='ltr'>ibi</span> <span class='ocrx_word' id='word_1_239' title='bbox 1158 2705 1246 2753; x_wconf 93' lang='lat' dir='ltr'>ubi</span> <span class='ocrx_word' id='word_1_240' title='bbox 1292 2705 1434 2769; x_wconf 92' lang='lat' dir='ltr'>piper</span> <span class='ocrx_word' id='word_1_241' title='bbox 1481 2705 1673 2761; x_wconf 88' lang='lat' dir='ltr'>crescit,</span> <span class='ocrx_word' id='word_1_242' title='bbox 1715 2706 1822 2770; x_wconf 91' lang='lat' dir='ltr'>ipse</span> 
     </span>
     <span class='ocr_line' id='line_1_33' title="bbox 226 2770 1822 2836; baseline 0.001 -17"><span class='ocrx_word' id='word_1_243' title='bbox 226 2770 384 2819; x_wconf 89' lang='lat' dir='ltr'>etiam</span> <span class='ocrx_word' id='word_1_244' title='bbox 408 2771 606 2819; x_wconf 89' lang='lat' dir='ltr'>veniret</span> <span class='ocrx_word' id='word_1_245' title='bbox 640 2771 923 2835; x_wconf 87' lang='lat' dir='ltr'>Liptzick.”</span> <span class='ocrx_word' id='word_1_246' title='bbox 995 2770 1069 2818; x_wconf 92' lang='lat' dir='ltr'>Et</span> <span class='ocrx_word' id='word_1_247' title='bbox 1093 2788 1215 2836; x_wconf 83' lang='lat' dir='ltr'>ergo</span> <span class='ocrx_word' id='word_1_248' title='bbox 1252 2772 1491 2836; x_wconf 86' lang='lat' dir='ltr'>Magistri</span> <span class='ocrx_word' id='word_1_249' title='bbox 1525 2771 1715 2819; x_wconf 87' lang='lat' dir='ltr'>habent</span> <span class='ocrx_word' id='word_1_250' title='bbox 1751 2772 1822 2821; x_wconf 89' lang='lat' dir='ltr'>ita</span> 
     </span>
    </p>
   </div>
   <div class='ocr_carea' id='block_1_6' title="bbox 226 2881 1822 3022">
    <p class='ocr_par' dir='ltr' id='par_1_6' title="bbox 226 2881 1822 3022">
     <span class='ocr_line' id='line_1_34' title="bbox 275 2881 1821 2929; baseline 0.003 -14"><span class='ocrx_word' id='word_1_251' title='bbox 275 2881 287 2899; x_wconf 83' lang='lat'>¹</span> <span class='ocrx_word' id='word_1_252' title='bbox 311 2883 363 2916; x_wconf 88' lang='lat' dir='ltr'>Ir.</span> <span class='ocrx_word' id='word_1_253' title='bbox 406 2884 498 2916; x_wconf 80' lang='lat' dir='ltr'>Perl.</span> <span class='ocrx_word' id='word_1_254' title='bbox 512 2894 524 2916; x_wconf 92' lang='lat'>.·</span> <span class='ocrx_word' id='word_1_255' title='bbox 564 2884 659 2925; x_wconf 71' lang='lat' dir='ltr'>Irus,</span> <span class='ocrx_word' id='word_1_256' title='bbox 695 2882 760 2917; x_wconf 85' lang='lat' dir='ltr'>the</span> <span class='ocrx_word' id='word_1_257' title='bbox 801 2884 992 2918; x_wconf 86' lang='lat' dir='ltr'>voracious</span> <span class='ocrx_word' id='word_1_258' title='bbox 1059 2895 1101 2918; x_wconf 88' lang='lat' dir='ltr'>or</span> <span class='ocrx_word' id='word_1_259' title='bbox 1116 2883 1277 2929; x_wconf 80' lang='lat' dir='ltr'>Pruttig,</span> <span class='ocrx_word' id='word_1_260' title='bbox 1292 2895 1339 2918; x_wconf 91' lang='lat' dir='ltr'>on</span> <span class='ocrx_word' id='word_1_261' title='bbox 1353 2883 1417 2917; x_wconf 89' lang='lat' dir='ltr'>the</span> <span class='ocrx_word' id='word_1_262' title='bbox 1433 2883 1550 2918; x_wconf 82' lang='lat' dir='ltr'>Mosel</span> <span class='ocrx_word' id='word_1_263' title='bbox 1567 2883 1821 2928; x_wconf 76' lang='lat'>(1493-1524):</span> 
     </span>
     <span class='ocr_line' id='line_1_35' title="bbox 226 2928 1822 2975; baseline 0.003 -13"><span class='ocrx_word' id='word_1_264' title='bbox 226 2928 363 2974; x_wconf 84' lang='lat' dir='ltr'>beggar</span> <span class='ocrx_word' id='word_1_265' title='bbox 380 2928 423 2962; x_wconf 88' lang='lat' dir='ltr'>of</span> <span class='ocrx_word' id='word_1_266' title='bbox 433 2928 498 2963; x_wconf 87' lang='lat' dir='ltr'>the</span> <span class='ocrx_word' id='word_1_267' title='bbox 515 2928 706 2974; x_wconf 85' lang='lat' dir='ltr'>Odyssey3</span> <span class='ocrx_word' id='word_1_268' title='bbox 727 2931 893 2973; x_wconf 62' lang='lat' dir='ltr'>perhrus,</span> <span class='ocrx_word' id='word_1_269' title='bbox 911 2942 993 2975; x_wconf 87' lang='lat' dir='ltr'>per·</span> <span class='ocrx_word' id='word_1_270' title='bbox 1059 2931 1261 2964; x_wconf 84' lang='lat' dir='ltr'>succeeded</span> <span class='ocrx_word' id='word_1_271' title='bbox 1287 2930 1448 2964; x_wconf 83' lang='lat' dir='ltr'>Richard</span> <span class='ocrx_word' id='word_1_272' title='bbox 1470 2930 1590 2965; x_wconf 86' lang='lat' dir='ltr'>Croke</span> <span class='ocrx_word' id='word_1_273' title='bbox 1610 2943 1648 2965; x_wconf 88' lang='lat' dir='ltr'>as</span> <span class='ocrx_word' id='word_1_274' title='bbox 1671 2933 1822 2967; x_wconf 69' lang='lat' dir='ltr'>tea-:her</span> 
     </span>
     <span class='ocr_line' id='line_1_36' title="bbox 226 2976 1820 3022; baseline 0.003 -13"><span class='ocrx_word' id='word_1_275' title='bbox 226 2976 318 3021; x_wconf 87' lang='lat' dir='ltr'>haps</span> <span class='ocrx_word' id='word_1_276' title='bbox 371 2977 628 3019; x_wconf 76' lang='lat' dir='ltr'>Durohlez&#39;erer,</span> <span class='ocrx_word' id='word_1_277' title='bbox 668 2988 689 3009; x_wconf 86' lang='lat' dir='ltr'>a</span> <span class='ocrx_word' id='word_1_278' title='bbox 730 2976 991 3022; x_wconf 85' lang='lat' dir='ltr'>hurdy-gurdy</span> <span class='ocrx_word' id='word_1_279' title='bbox 1059 2977 1101 3011; x_wconf 90' lang='lat' dir='ltr'>of</span> <span class='ocrx_word' id='word_1_280' title='bbox 1113 2976 1236 3011; x_wconf 88' lang='lat' dir='ltr'>Greek</span> <span class='ocrx_word' id='word_1_281' title='bbox 1253 2981 1292 3010; x_wconf 88' lang='lat' dir='ltr'>at</span> <span class='ocrx_word' id='word_1_282' title='bbox 1310 2977 1464 3021; x_wconf 80' lang='lat' dir='ltr'>Leipsic,</span> <span class='ocrx_word' id='word_1_283' title='bbox 1487 2978 1585 3012; x_wconf 87' lang='grc'><strong>1517.</strong></span> <span class='ocrx_word' id='word_1_284' title='bbox 1630 2979 1697 3013; x_wconf 88' lang='lat' dir='ltr'>See</span> <span class='ocrx_word' id='word_1_285' title='bbox 1715 2979 1758 3013; x_wconf 92' lang='lat' dir='ltr'>O.</span> <span class='ocrx_word' id='word_1_286' title='bbox 1777 2980 1820 3014; x_wconf 90' lang='lat' dir='ltr'>G.</span> 
     </span>
    </p>
   </div>
   <div class='ocr_carea' id='block_1_7' title="bbox 225 3022 1820 3162">
    <p class='ocr_par' dir='ltr' id='par_1_7' title="bbox 225 3022 1820 3162">
     <span class='ocr_line' id='line_1_37' title="bbox 225 3022 1820 3072; baseline 0.003 -16"><span class='ocrx_word' id='word_1_287' title='bbox 225 3022 362 3068; x_wconf 83' lang='lat' dir='ltr'>player.</span> <span class='ocrx_word' id='word_1_288' title='bbox 491 3071 494 3072; x_wconf 12' lang='grc' dir='ltr'><em>γ</em></span> <span class='ocrx_word' id='word_1_289' title='bbox 1059 3023 1240 3066; x_wconf 82' lang='lat' dir='ltr'>Schmidt,</span> <span class='ocrx_word' id='word_1_290' title='bbox 1254 3026 1348 3058; x_wconf 77' lang='lat' dir='ltr'>Petr.</span> <span class='ocrx_word' id='word_1_291' title='bbox 1361 3026 1585 3069; x_wconf 76' lang='lat' dir='ltr'>Mosellanus,</span> <span class='ocrx_word' id='word_1_292' title='bbox 1597 3025 1707 3071; x_wconf 60' lang='lat' dir='ltr'>Leip„</span> <span class='ocrx_word' id='word_1_293' title='bbox 1719 3026 1820 3062; x_wconf 89' lang='grc'><strong>1867.</strong></span> 
     </span>
     <span class='ocr_line' id='line_1_38' title="bbox 275 3067 1480 3115; baseline 0.002 -12"><span class='ocrx_word' id='word_1_294' title='bbox 275 3068 302 3088; x_wconf 79' lang='lat'>¹⁴²</span> <span class='ocrx_word' id='word_1_295' title='bbox 327 3070 428 3103; x_wconf 75' lang='lat' dir='ltr'>scrib.</span> <span class='ocrx_word' id='word_1_296' title='bbox 478 3072 548 3112; x_wconf 70' lang='lat' dir='ltr'>Sic,</span> <span class='ocrx_word' id='word_1_297' title='bbox 568 3069 606 3102; x_wconf 90' lang='lat' dir='ltr'>in</span> <span class='ocrx_word' id='word_1_298' title='bbox 626 3067 693 3114; x_wconf 91' lang='lat' dir='ltr'>[D]</span> <span class='ocrx_word' id='word_1_299' title='bbox 711 3069 782 3103; x_wconf 86' lang='lat' dir='ltr'>and</span> <span class='ocrx_word' id='word_1_300' title='bbox 802 3067 877 3115; x_wconf 87' lang='lat' dir='ltr'>[E].</span> <span class='ocrx_word' id='word_1_301' title='bbox 1106 3069 1133 3088; x_wconf 79' lang='lat'>¹⁸</span> <span class='ocrx_word' id='word_1_302' title='bbox 1160 3073 1311 3105; x_wconf 62' lang='lat' dir='ltr'>Crocus.-</span> <span class='ocrx_word' id='word_1_303' title='bbox 1327 3071 1349 3104; x_wconf 88' lang='lat' dir='ltr'>i.</span> <span class='ocrx_word' id='word_1_304' title='bbox 1370 3069 1427 3114; x_wconf 86' lang='lat'>35,</span> <span class='ocrx_word' id='word_1_305' title='bbox 1447 3082 1480 3105; x_wconf 82' lang='grc' dir='ltr'>η.</span> 
     </span>
     <span class='ocr_line' id='line_1_39' title="bbox 274 3115 1469 3162; baseline 0.003 -15"><span class='ocrx_word' id='word_1_306' title='bbox 274 3115 300 3135; x_wconf 81' lang='lat'>¹⁶</span> <span class='ocrx_word' id='word_1_307' title='bbox 317 3118 481 3151; x_wconf 54' lang='lat' dir='ltr'>Massam:</span> <span class='ocrx_word' id='word_1_308' title='bbox 494 3116 603 3151; x_wconf 86' lang='lat' dir='ltr'>Peter</span> <span class='ocrx_word' id='word_1_309' title='bbox 613 3115 768 3160; x_wconf 87' lang='lat' dir='ltr'>Schade,</span> <span class='ocrx_word' id='word_1_310' title='bbox 780 3117 821 3151; x_wconf 90' lang='lat' dir='ltr'>of</span> <span class='ocrx_word' id='word_1_311' title='bbox 829 3117 991 3162; x_wconf 83' lang='lat' dir='ltr'>Bruttig,</span> <span class='ocrx_word' id='word_1_312' title='bbox 1106 3115 1134 3135; x_wconf 77' lang='lat'>²⁰</span> <span class='ocrx_word' id='word_1_313' title='bbox 1154 3119 1256 3160; x_wconf 75' lang='lat' dir='ltr'>piper</span> <span class='ocrx_word' id='word_1_314' title='bbox 1267 3129 1280 3152; x_wconf 88' lang='lat'>.·</span> <span class='ocrx_word' id='word_1_315' title='bbox 1315 3118 1336 3152; x_wconf 86' lang='lat' dir='ltr'>i.</span> <span class='ocrx_word' id='word_1_316' title='bbox 1355 3117 1412 3161; x_wconf 77' lang='lat'>25,</span> <span class='ocrx_word' id='word_1_317' title='bbox 1433 3130 1469 3152; x_wconf 79' lang='grc' dir='ltr'>η.</span> 
     </span>
    </p>
   </div>
   <div class='ocr_carea' id='block_1_8' title="bbox 988 3177 1084 3219">
    <p class='ocr_par' dir='ltr' id='par_1_8' title="bbox 988 3177 1084 3219">
     <span class='ocr_line' id='line_1_40' title="bbox 988 3177 1084 3219; baseline 0.01 -1"><span class='ocrx_word' id='word_1_318' title='bbox 988 3177 1084 3219; x_wconf 83' lang='grc'>253</span> 
     </span>
    </p>
   </div>
   <div class='ocr_carea' id='block_1_9' title="bbox 1861 507 1899 536">
    <p class='ocr_par' dir='ltr' id='par_1_9' title="bbox 1861 507 1899 536">
     <span class='ocr_line' id='line_1_41' title="bbox 1861 507 1899 536; baseline 0 0"><span class='ocrx_word' id='word_1_319' title='bbox 1861 507 1899 536; x_wconf 84' lang='grc'>20</span> 
     </span>
    </p>
   </div>
   <div class='ocr_carea' id='block_1_10' title="bbox 1861 839 1899 869">
    <p class='ocr_par' dir='ltr' id='par_1_10' title="bbox 1861 839 1899 869">
     <span class='ocr_line' id='line_1_42' title="bbox 1861 839 1899 869; baseline 0.026 -1"><span class='ocrx_word' id='word_1_320' title='bbox 1861 839 1899 869; x_wconf 83' lang='grc'>25</span> 
     </span>
    </p>
   </div>
   <div class='ocr_carea' id='block_1_11' title="bbox 1860 2053 1898 2084">
    <p class='ocr_par' dir='ltr' id='par_1_11' title="bbox 1860 2053 1898 2084">
     <span class='ocr_line' id='line_1_43' title="bbox 1860 2053 1898 2084; baseline -0.026 0"><span class='ocrx_word' id='word_1_321' title='bbox 1860 2053 1898 2084; x_wconf 83' lang='grc'><strong>10</strong></span> 
     </span>
    </p>
   </div>
   <div class='ocr_carea' id='block_1_12' title="bbox 1859 2387 1897 2416">
    <p class='ocr_par' dir='ltr' id='par_1_12' title="bbox 1859 2387 1897 2416">
     <span class='ocr_line' id='line_1_44' title="bbox 1859 2387 1897 2416; baseline 0 0"><span class='ocrx_word' id='word_1_322' title='bbox 1859 2387 1897 2416; x_wconf 88' lang='lat'>15</span> 
     </span>
    </p>
   </div>
   <div class='ocr_carea' id='block_1_13' title="bbox 1857 2720 1895 2749">
    <p class='ocr_par' dir='ltr' id='par_1_13' title="bbox 1857 2720 1895 2749">
     <span class='ocr_line' id='line_1_45' title="bbox 1857 2720 1895 2749; baseline 0 0"><span class='ocrx_word' id='word_1_323' title='bbox 1857 2720 1895 2749; x_wconf 88' lang='lat'>20</span> 
     </span>
    </p>
   </div>
  </div>
 </body>
</html>
