2247 3637
356 271 818 330 CONRADUS
872 270 1645 328 DOLLENKOPFFIUS

156 381 319 429 scribo
360 380 504 428 vobis
540 380 604 428 de
644 379 866 445 negociis
907 379 1048 434 meis,
1092 395 1211 427 cum
1260 395 1349 426 vos
1391 379 1521 427 bene
1556 378 1753 426 habetis

156 448 349 512 majora
367 464 458 513 pro
473 448 685 512 agendo.
729 447 829 495 Sed
849 446 1047 495 dixistis
1066 446 1191 494 mihi
1210 446 1334 493 olim
1354 446 1493 510 quod
1513 446 1752 493 deberem

156 515 297 563 vobis
323 531 521 579 semper
537 514 751 563 scribere
766 513 1029 577 quomodo
1045 514 1303 561 studerem
1325 519 1376 560 et
1395 529 1498 560 non
1514 512 1752 561 deberem

156 597 347 630 cessare
363 582 414 629 in
430 581 700 638 studendo,
716 581 802 630 sed
819 581 1055 629 deberem
1074 579 1360 645 procedere,
1378 580 1497 643 quia
1515 580 1751 627 haberem

156 649 350 697 bonum
392 648 670 713 ingenium,
715 655 767 696 et
808 664 1015 713 possum
1058 664 1177 696 cum
1219 646 1472 695 adiutorio
1508 647 1588 694 dei
1625 647 1753 695 bene

154 716 412 780 proficere,
449 716 489 763 si
524 722 632 764 met
665 715 863 764 vellem.

256 782 398 847 Ergo
423 782 619 830 debetis
645 782 770 830 scire
794 782 933 846 quod
958 798 1054 846 ego
1078 798 1170 846 pro
1195 797 1333 829 nunc
1359 780 1554 828 contuli
1579 796 1663 828 me
1688 779 1752 827 ad

154 849 385 897 studium
424 850 880 914 Heydelbergense
914 855 967 896 et
1003 849 1184 897 studeo
1221 848 1270 895 in
1308 847 1617 912 Theologia3
1666 847 1751 895 sed

155 933 274 964 cum
311 916 407 964 hoc
443 917 595 964 audio
631 916 862 980 quotidie
898 933 1053 963 unam
1088 915 1362 964 lectionem
1387 914 1438 962 in
1463 914 1674 980 poetria,
1699 914 1751 961 in

154 1000 256 1047 qua
293 984 458 1048 incepi
496 984 737 1049 proficere
774 983 1068 1031 notabiliter
1104 983 1168 1031 de
1195 983 1360 1047 gratia
1396 983 1507 1035 dei:
1558 988 1611 1029 et
1649 981 1751 1029 iam

155 1051 259 1098 scio
306 1057 635 1099 mentetenus
683 1067 861 1099 omnes
907 1050 1105 1097 fabulas
1154 1049 1328 1098 Ovidii
1376 1050 1428 1096 in
1475 1055 1750 1097 metamor-

154 1118 384 1182 phoseos,
433 1125 486 1166 et
528 1118 630 1166 scio
671 1134 754 1166 eas
802 1133 1056 1183 exponere
1097 1117 1513 1182 quadrupliciter,
1560 1115 1751 1164 scilicet

154 1185 468 1242 naturaliter,
528 1185 831 1241 litteraliter,
891 1184 1233 1240 historialiter,
1282 1190 1334 1232 et
1393 1183 1751 1249 spiritualiter3

154 1253 296 1315 quod
333 1269 435 1300 non
470 1253 639 1301 sciunt
680 1253 762 1300 isti
800 1258 982 1316 poetae
1019 1251 1280 1300 seculares.

255 1319 330 1367 Et
360 1336 522 1384 nuper
550 1319 861 1383 interrogavi
898 1336 1061 1367 unum
1098 1334 1160 1366 ex
1193 1318 1319 1365 illis:
1358 1318 1541 1366 “unde
1565 1317 1752 1366 dicitur

153 1387 363 1435 Mavors
382 1388 441 1435 ”3
511 1388 660 1434 Tunc
685 1387 816 1434 dixit
840 1386 964 1434 mihi
988 1401 1145 1433 unam
1169 1384 1477 1433 sententiam
1497 1401 1628 1448 quae
1647 1401 1751 1432 non

151 1454 251 1501 fuit
277 1470 422 1511 vera;
460 1454 547 1502 sed
572 1454 727 1502 etiam
754 1453 946 1502 correxi
972 1469 1108 1508 eum,
1134 1458 1187 1500 et
1223 1452 1342 1507 dixi,
1369 1452 1508 1515 quod
1544 1452 1751 1500 Mavors

152 1520 339 1569 dicitur
364 1520 507 1585 quasi
533 1537 695 1569 mares
721 1536 930 1576 vorans;
969 1527 1020 1568 et
1045 1520 1153 1584 ipse
1177 1519 1276 1567 fuit
1303 1519 1558 1566 confusus.

254 1588 402 1636 Tunc
439 1588 643 1650 dixi[t]:
702 1596 729 1614 ‘⁶
748 1587 872 1651 quid
906 1587 1221 1651 significatur
1244 1603 1335 1650 per
1358 1602 1545 1633 novem
1572 1586 1751 1633 Musas

150 1655 418 1719 allegorice
435 1656 498 1703 ”2
584 1655 733 1702 Tunc
767 1655 922 1704 etiarn
958 1653 1214 1718 ignoravit
1251 1659 1302 1701 et
1339 1669 1435 1717 ego
1471 1652 1577 1700 dixi
1613 1653 1748 1716 quod

152 1723 270 1770 .IX.
311 1724 495 1770 Musae
531 1721 821 1786 significant
857 1722 1001 1770 .VII.
1042 1721 1220 1769 choros
1257 1720 1597 1784 Angelorum.

243 1789 419 1837 Tertio
478 1788 584 1837 dixi
607 1806 617 1837 :
698 1797 728 1816 ‘⁶
749 1790 886 1837 unde
944 1788 1132 1836 dicitur
1197 1787 1486 1835 Mercurius
1505 1787 1564 1835 ”3
1650 1786 1749 1835 Sed

150 1857 356 1920 quando
382 1873 485 1904 non
510 1856 673 1912 scivit,
699 1862 826 1905 tunc
850 1856 957 1904 dixi
991 1856 1035 1903 ei
1071 1855 1210 1919 quod
1247 1854 1535 1903 Mercurius
1564 1854 1752 1902 dicitur

150 1923 293 1988 quasi
317 1930 661 1972 mercatorum
687 1924 870 1980 curiUS,
897 1923 1017 1987 quia
1041 1929 1119 1971 est
1150 1922 1276 1970 deus
1312 1927 1674 1977 mercatorum,
1699 1927 1751 1969 et

148 1990 304 2039 habet
330 2008 506 2040 curam
529 2008 621 2056 pro
647 1991 730 2039 eiS.
802 1992 887 2039 Ita
912 1990 1096 2039 videtis
1121 1990 1261 2053 quod
1285 1988 1381 2038 iste
1405 1995 1589 2054 poetae
1614 2005 1751 2036 nunc

148 2058 360 2106 student
382 2065 591 2107 tantum
615 2059 667 2107 in
692 2076 784 2107 sua
808 2065 916 2106 arte
934 2057 1236 2113 litteraliter,
1257 2062 1308 2106 et
1326 2073 1431 2104 non
1454 2055 1754 2121 intelligunt

148 2125 412 2190 allegorias
437 2133 490 2174 et
514 2126 857 2191 expositiones
883 2124 1183 2190 spirituales,
1209 2124 1330 2188 quia
1365 2130 1486 2171 sunt
1521 2123 1753 2171 homines

152 2194 403 2241 carnales:
447 2200 500 2242 et
524 2199 585 2241 ut
618 2194 792 2242 scribit
821 2192 1109 2257 Apostolus
1135 2193 1195 2240 .I.
1224 2192 1287 2239 ad
1314 2191 1607 2239 Corinthios
1646 2191 1718 2239 ΙΙ.
1741 2207 1751 2238 :

150 2267 178 2286 ‘⁶
199 2260 454 2308 Animalis
478 2260 635 2309 homo
659 2277 764 2309 non
788 2260 1004 2326 percipit
1030 2275 1089 2307 ea
1113 2275 1245 2324 quae
1265 2265 1384 2306 sunt
1401 2257 1607 2323 spiritus
1626 2257 1752 2306 dei.”

159 282 187 321 1.
212 286 279 333 ⁶28]

1033 2392 1060 2411 ²²
1084 2396 1250 2428 Marem:
1272 2393 1348 2427 this
1365 2392 1579 2438 etymology
1596 2393 1625 2426 is
1642 2394 1751 2437 given

985 2441 1032 2486 by
1059 2441 1250 2475 “Thomas
1268 2439 1499 2474 lVallensis’'
1517 2441 1592 2483 (see
1612 2439 1749 2482 below).

1034 2486 1060 2506 ²⁶
1085 2490 1215 2530 §eptem
1250 2489 1379 2521 choros.
1429 2487 1532 2529 This,
1568 2486 1749 2528 however,

986 2536 1016 2568 is
1059 2534 1317 2580 Dollenkopf’s
1358 2545 1438 2568 own
1481 2533 1651 2575 blunder,
1695 2533 1752 2567 for

987 2582 1178 2616 “Thomas
1200 2581 1398 2615 wallensis
1411 2581 1429 2596 '⁷
1449 2582 1526 2622 (see
1547 2579 1677 2622 below)
1697 2581 1751 2614 in-

196 2395 224 2415 ¹³
239 2398 416 2431 studium:
429 2396 705 2442 “Unimrsityfl
725 2396 805 2430 The
817 2396 916 2430 word

148 2446 320 2487 studium,
368 2443 494 2478 rather
539 2443 630 2478 than
682 2445 914 2486 Universitcw,

148 2502 219 2525 was
247 2491 336 2525 used
363 2496 402 2525 to
430 2491 565 2525 denote
591 2502 612 2524 a
640 2490 852 2536 University
877 2491 915 2524 in

147 2537 212 2572 the
249 2549 356 2573 sense
397 2538 440 2572 of
475 2550 495 2572 a
535 2537 708 2583 locality:
754 2540 917 2571 Studium

150 2586 316 2619 Generale
338 2586 512 2631 meaning
529 2597 549 2618 a
567 2584 670 2630 place
695 2585 816 2619 where
841 2589 916 2618 stu-

148 2632 255 2666 dents
280 2632 372 2666 from
402 2631 452 2666 all
482 2636 583 2677 parts
611 2644 705 2666 were
735 2632 914 2667 received.

148 2678 225 2712 But
250 2679 297 2724 by
322 2679 387 2713 the
412 2679 525 2713 XVth
554 2679 675 2722 Cent,
699 2681 919 2713 Una-emitas

147 2725 342 2771 gradually
371 2726 519 2761 became
552 2738 573 2760 a
605 2738 706 2760 mere
734 2737 916 2771 synonym

148 2772 207 2806 for
224 2775 385 2806 Studium
407 2775 582 2808 (ienerale.
633 2773 700 2807 See
718 2785 739 2806 a
756 2772 827 2807 full
845 2773 918 2807 dis-

148 2820 294 2853 cussion
315 2820 353 2853 in
372 2819 563 2863 Rashdall,
589 2822 690 2854 Unio.
711 2822 757 2863 of
772 2822 860 2854 Eur.
878 2822 916 2853 in

148 2867 204 2899 the
221 2867 351 2900 Middle
368 2870 472 2910 Ayes,
491 2868 514 2903 i.
535 2868 639 2904 7-19.

198 2932 222 2952 ¹⁷
250 2936 373 2978 quadr.
427 2936 494 2970 See
512 2936 536 2971 l.
559 2938 618 2979 50,
637 2935 763 2971 below.

197 3000 223 3020 ¹⁹
248 3003 340 3037 Poet.
359 3014 423 3036 sec.
437 3015 449 3037 .·
477 3003 556 3038 Thoe
583 3004 816 3047 Humanists,
836 3005 916 3038 who

148 3061 242 3083 were
260 3053 328 3083 not
349 3051 554 3085 concerned
580 3056 619 3085 to
645 3052 827 3096 interpret
852 3052 916 3086 the

149 3096 254 3158 Latin
289 3100 393 3141 poets
430 3097 502 3130 “in
539 3109 559 3130 a
596 3098 776 3132 four-sold
816 3111 917 3132 man-

148 3155 224 3178 ner.

985 2634 1146 2675 terprets
1160 2629 1225 2664 the
1243 2630 1331 2663 nine
1346 2628 1471 2662 Muses
1489 2639 1527 2660 as
1543 2628 1569 2644 “
1581 2627 1645 2661 the
1664 2628 1751 2661 nine

987 2678 1113 2711 orders
1139 2676 1182 2710 of
1206 2675 1379 2720 Angels”
1405 2676 1500 2715 (Met.
1529 2675 1584 2707 Or.
1612 2675 1751 2716 Moral„

986 2724 1100 2765 Paris,
1134 2723 1249 2764 l5093
1286 2721 1348 2756 fol.
1382 2722 1457 2763 vii).
1507 2720 1576 2754 We
1605 2733 1666 2755 are
1697 2732 1752 2755 re-

985 2770 1135 2805 minded
1170 2770 1213 2803 of
1239 2769 1304 2803 the
1333 2767 1488 2807 scholar,
1518 2767 1609 2810 who,
1641 2767 1752 2813 being

985 2817 1109 2860 asked,
1131 2817 1287 2850 “What
1311 2827 1373 2850 are
1398 2815 1462 2848 the
1487 2813 1618 2848 twelve
1644 2815 1751 2860 Sigus

986 2864 1028 2898 of
1047 2864 1111 2898 the
1138 2862 1294 2897 Zodiac?
1310 2863 1328 2877 ''
1345 2861 1501 2907 replied,
1529 2861 1665 2906 “They
1689 2873 1751 2896 are

985 2923 1094 2945 seven
1113 2912 1150 2944 iu
1169 2910 1336 2951 number,
1349 2910 1420 2942 and
1439 2919 1501 2942 are
1515 2907 1634 2943 called
1651 2908 1751 2951 East‚

986 2958 1102 3000 W‘est,
1122 2957 1241 2991 North
1261 2957 1333 2989 and
1353 2955 1509 2990 South.'’

1032 3003 1059 3023 ²⁹
1083 3006 1190 3038 Mero.
1240 3003 1410 3037 Another
1428 3001 1641 3049 etymology
1654 3007 1693 3038 to
1707 3003 1751 3038 be

984 3051 1099 3085 found
1118 3052 1156 3084 in
1176 3052 1195 3067 “
1207 3050 1297 3084 Tho.
1319 3049 1454 3084 Wall.”

1030 3097 1058 3116 ³⁴
1083 3100 1216 3138 Anim„
1236 3097 1302 3130 ὣς.
1355 3097 1398 3130 In
1424 3096 1489 3131 the
1514 3097 1609 3141 Vuly.
1629 3098 1753 3131 “Ani-

984 3144 1088 3178 malis
1107 3144 1269 3186 autem,'’
1287 3143 1354 3177 Sec.

923 3205 986 3251 73

1786 660 1824 689 10

1786 993 1824 1024 15

1786 1334 1824 1363 20

1786 1668 1824 1697 25

1786 2002 1825 2033 30
