2247 3637
370 503 409 533 35

373 835 411 864 40

374 1168 412 1198 45

375 1510 413 1540 50

377 1844 416 1874 55

380 2179 418 2210 60

443 240 914 297 EPISTOLAE
977 238 1569 297 OBSCURORUM
1630 238 2035 296 VIRORUM

441 348 613 398 nechti
642 349 874 397 fecerunt
904 365 1061 396 unam
1089 364 1331 412 magnam
1358 365 1591 413 guerram
1623 349 1755 396 inter
1784 365 1851 403 se,
1881 347 2037 395 inter—

441 416 670 464 ficientes
694 433 746 464 se
771 416 834 463 ad
863 415 1030 463 multa
1057 414 1226 463 milia:
1263 417 1351 464 sed
1377 417 1668 464 timendum
1697 415 1837 480 quod
1865 413 2036 462 nullus

442 484 647 531 illorum
672 483 813 531 venit
836 482 888 530 in
913 482 1127 538 caelum,
1153 482 1272 545 quia
1295 483 1490 530 faciunt
1520 489 1726 548 propter
1749 481 2036 546 pecuniam,

442 556 495 598 et
531 566 664 598 unus
701 549 1002 598 christianus
1037 565 1141 597 non
1176 550 1330 598 debet
1365 551 1648 598 interficere
1683 550 1856 597 alium.
1935 547 2037 595 Sed

443 634 534 665 vos
565 617 663 665 ista
686 634 789 665 non
814 616 1015 672 curatis,
1041 623 1163 664 sunt
1186 616 1322 665 enim
1359 617 1494 665 leves
1529 633 1786 682 personae,
1813 622 1865 663 et
1891 631 2037 679 sequ-

443 691 602 732 untur
628 685 761 732 rixas
790 701 854 732 ex
889 683 1163 748 proposito.
1236 684 1359 732 Alia
1392 684 1593 732 novitas
1620 690 1698 733 est
1733 683 1889 747 pejor,
1914 682 2039 729 deus

444 752 532 799 det
556 751 697 815 quod
722 767 824 798 non
840 750 906 798 sit
929 767 1061 798 vera.
1136 751 1377 799 Scribunt
1402 751 1466 798 de
1492 752 1677 807 Roma,
1698 750 1837 815 quod
1862 765 2037 814 specu-

443 818 555 866 lum
582 819 788 866 Ioannis
813 817 1071 865 Reuchlin
1090 824 1167 866 est
1191 818 1255 866 de
1272 835 1408 866 novo
1431 818 1708 866 translatus
1726 818 1790 866 de
1809 823 2040 864 materna

443 886 621 950 lingua
655 885 708 933 in
742 884 962 932 latinum
999 902 1061 933 ex
1098 885 1343 934 mandato
1379 885 1574 932 domini
1609 901 1785 959 papae,
1818 889 1870 931 et
1900 882 2040 947 quod

444 952 718 1017 plusquam
765 952 817 999 in
864 951 1100 1000 ducentis
1145 952 1268 1000 locis
1308 952 1453 1000 aliter
1494 958 1639 999 sonat
1686 951 1738 998 in
1784 951 2041 998 latinitate

444 1036 601 1083 quam
629 1019 1004 1067 transtulerunt
1029 1019 1261 1084 magistri
1288 1020 1448 1067 nostri
1473 1026 1525 1067 et
1549 1018 1787 1066 dominus
1822 1018 2042 1065 Ioannes

446 1086 769 1135 Pfefferkorn
821 1086 873 1133 in
933 1086 1177 1143 Colonia;
1234 1104 1293 1134 ac
1340 1087 1519 1134 dicunt
1578 1102 1668 1150 pro
1716 1092 1855 1133 certo
1902 1083 2042 1148 quod

446 1154 645 1201 Romae
679 1153 883 1218 publice
910 1153 1101 1218 legitur
1130 1160 1182 1202 et
1216 1154 1538 1218 imprimatur
1574 1169 1692 1200 cum
1731 1152 2041 1199 Iudaeorum

445 1220 670 1269 Talmut.

547 1288 632 1335 Ex
658 1288 753 1335 hoc
778 1288 1005 1336 inferunt
1030 1288 1169 1352 quod
1194 1287 1423 1351 magistri
1452 1286 1613 1334 nostri
1638 1292 1756 1333 sunt
1780 1285 1966 1333 falsarii
1991 1290 2044 1333 et

444 1355 674 1411 infames,
723 1355 843 1418 quia
890 1355 1023 1403 male
1073 1355 1474 1410 transtulerunt3
1534 1353 1691 1402 etiam
1736 1353 1876 1417 quod
1924 1357 2046 1400 sunt

445 1422 586 1478 asini,
634 1438 738 1470 non
785 1421 1128 1486 intelligentes
1174 1422 1409 1478 latinum,
1457 1421 1538 1469 vel
1583 1421 1937 1476 teutonicum;
1988 1435 2045 1466 ac

446 1489 578 1537 sicut
595 1489 985 1537 combusserunt
1001 1489 1158 1537 istum
1174 1488 1362 1536 librum
1379 1488 1515 1552 apud
1532 1487 2045 1535 sanctumAndream

447 1556 498 1604 in
551 1556 782 1612 Colonia,
831 1557 900 1604 sic
946 1556 1102 1604 etiam
1152 1557 1342 1604 debent
1390 1555 1689 1603 comburere
1737 1554 2045 1603 sententiam

449 1640 608 1679 suam,
636 1630 688 1671 et
730 1623 1102 1672 sentimentum
1139 1623 1438 1678 Parisiense,
1464 1622 1546 1670 vel
1581 1622 1675 1687 ipsi
1712 1628 1820 1669 met
1856 1621 2046 1669 debent

447 1707 554 1738 esse
611 1690 864 1739 haeretici.
943 1690 1061 1754 Ego
1118 1707 1320 1755 possem
1379 1689 1680 1754 sanguinem
1737 1689 1873 1745 flere,
1921 1688 2047 1735 adeo

448 1758 625 1806 doleo:
684 1759 799 1821 quis
851 1757 965 1806 vult
1024 1758 1242 1821 amplius
1295 1758 1347 1805 in
1404 1756 1664 1821 theologia
1723 1756 1943 1813 studere,
1995 1760 2047 1802 et

448 1824 702 1889 magistris
738 1825 924 1873 nostris
954 1824 1192 1874 exhibere
1225 1824 1552 1872 condebitam
1586 1823 1923 1872 reverentiam
1959 1821 2049 1885 qui

449 1892 572 1939 talia
595 1892 772 1940 audit?
843 1892 1038 1939 Omnes
1064 1892 1273 1940 credent
1300 1892 1439 1955 quod
1474 1892 1654 1940 doctor
1690 1890 1947 1939 Reuchlin
1971 1893 2048 1936 est

450 1958 748 2023 profundior
782 1976 938 2023 quam
968 1959 1198 2023 magistri
1234 1960 1410 2016 nostri,
1436 1959 1576 2023 quod
1611 1964 1688 2006 est
1724 1955 2046 2022 impossibile.

452 2026 589 2073 Cum
624 2026 720 2073 hoc
748 2026 903 2074 etiam
936 2026 1165 2074 scribunt
1200 2027 1341 2090 quod
1377 2032 1494 2101 post
1528 2032 1630 2074 tres
1661 2040 1861 2073 menses
1896 2023 2050 2071 debet

450 2093 622 2141 venire
647 2093 808 2141 finalis
827 2093 1080 2141 sententia
1099 2099 1275 2141 contra
1299 2093 1569 2158 magistros
1587 2099 1817 2148 nostros;
1848 2106 2050 2138 necnon

451 2159 590 2223 quod
615 2177 745 2224 papa
769 2161 1034 2208 mandabit
1059 2161 1154 2208 sub
1178 2177 1310 2225 pena
1328 2161 1602 2209 latissimae
1627 2175 1883 2214 censurae,
1910 2156 2049 2222 quod

450 2227 630 2275 fratres
689 2227 877 2275 ordinis
934 2227 1343 2292 praedicatorum
1397 2228 1587 2276 debent
1645 2232 1851 2292 plwoptel
1905 2241 2049 2272 suam

516 2359 739 2403 ³·:9umram
779 2365 818 2394 at
858 2360 1080 2405 Marignano
1121 2361 1219 2404 (now
1283 2361 1485 2396 another..
1514 2387 1522 2396 .

455 2407 708 2452 Melegnano),
725 2419 813 2442 near
833 2406 962 2450 Milan,
980 2419 1051 2441 was
1070 2407 1216 2452 fought,

454 2466 502 2489 on
537 2455 636 2499 Sept.
675 2455 728 2498 13,
764 2455 864 2497 1515,
896 2455 961 2488 the
993 2455 1218 2499 sanguinary

1548 2388 1555 2397 .
1583 2360 1681 2395 Who
1699 2360 1809 2395 make
1825 2371 1875 2405 up
1891 2357 2051 2393 armies?

1286 2409 1531 2452 (tut-throats,
1582 2408 1801 2449 adulter-ers,
1852 2405 2049 2451 gamblers‚

1286 2456 1480 2495 ravishers,
1517 2454 1796 2489 mercenaries.''
1861 2454 2049 2495 Erasmus,

454 2501 571 2536 battle
596 2501 760 2536 between
786 2501 850 2535 the
881 2501 1023 2535 French
1052 2513 1156 2546 army
1182 2501 1224 2535 of

454 2549 604 2582 Francis
632 2549 672 2591 1„
698 2548 805 2582 aided
834 2548 881 2593 by
906 2548 938 2581 (1¹1
941 2560 1067 2581 er·m1n
1094 2547 1217 2590 levies,

454 2596 526 2629 and
554 2595 619 2630 the
653 2597 769 2629 Swiss.
834 2595 913 2629 'lhe
946 2594 1115 2639 struggle
1147 2607 1219 2628 was

454 2643 563 2677 fierce
591 2643 665 2677 and
694 2643 918 2688 protracted,
938 2642 1009 2675 and
1036 2641 1217 2686 although

453 2690 483 2724 it
500 2690 618 2724 ended
639 2691 676 2723 in
694 2690 758 2724 the
775 2689 932 2724 decisive
949 2689 1073 2723 defeat
1095 2688 1137 2722 of
1154 2689 1219 2723 the

453 2737 572 2779 Swiss,
587 2737 652 2771 the
677 2736 791 2771 losses
815 2736 858 2770 of
876 2737 940 2770 the
965 2737 1101 2769 victors
1126 2747 1220 2770 were

453 2795 541 2829 very
563 2784 689 2829 heavy.
739 2783 899 2818 Gener-al
924 2782 1109 2816 Trivulzio
1127 2782 1220 2816 “de-

454 2830 577 2865 clared
607 2831 691 2864 that
717 2831 782 2865 the
810 2831 982 2875 eighteen
1011 2829 1145 2863 battles
1173 2830 1219 2863 he

453 2878 525 2911 had
560 2877 768 2922 previously
800 2877 993 2911 witnessed
1028 2888 1121 2911 were
1152 2876 1220 2910 but

454 2924 584 2958 child's
611 2924 695 2969 play
722 2929 760 2958 to
786 2924 869 2958 that
894 2924 937 2959 of
962 2923 1220 2969 Mariguan0.”

456 2970 632 3035 Hggand
652 2971 775 3014 Stead,
793 2973 1035 3014 Switzerlcmd,
1053 2982 1086 3016 p.
1105 2970 1183 3003 241.

588 3019 600 3051 1
627 3018 727 3052 often
754 3019 903 3053 wonder
927 3018 1007 3052 how
1032 3029 1129 3060 men,
1146 3017 1217 3051 and

456 3064 653 3110 especially
679 3065 866 3099 Christian
895 3077 992 3108 men,
1017 3076 1084 3099 can
1111 3064 1154 3099 be
1179 3075 1219 3098 so

456 3111 539 3144 mad
573 3123 612 3144 as
652 3116 691 3145 to
731 3123 778 3156 go
819 3112 979 3157 fighting
1019 3112 1106 3146 with
1149 3123 1219 3146 one

1216 3172 1280 3214 92

1286 2504 1349 2544 Ep.
1373 2503 1450 2536 144.

1333 2547 1361 2566 ⁴⁰
1386 2551 1427 2583 de
1453 2560 1538 2582 noi-0
1567 2553 1678 2582 trans.
1696 2560 1709 2582 .·

1286 2596 1443 2629 ordered
1459 2596 1525 2630 the
1542 2596 1793 2639 Azzyenspz'eyel
1806 2598 1845 2628 to
1868 2593 1913 2627 be
1931 2593 2051 2638 newly

1286 2642 1491 2676 translated
1519 2643 1598 2675 into
1626 2642 1746 2683 Latin,
1775 2640 1847 2674 and
1877 2651 1924 2674 on
1955 2651 2051 2674 com-

1286 2690 1418 2734 paring
1451 2689 1514 2723 the
1549 2688 1666 2723 result
1698 2688 1785 2722 with
1819 2688 1883 2721 the
1920 2686 2051 2721 transl.

1287 2735 1496 2781 previously
1513 2735 1715 2770 submitted
1733 2735 1780 2780 by
1800 2735 2051 2780 Hoogstraten

1286 2784 1316 2816 it
1350 2795 1421 2817 was
1453 2783 1567 2816 found
1601 2782 1684 2816 that
1724 2783 1788 2816 the
1828 2781 1941 2815 latter
1981 2792 2053 2815 was

1285 2829 1429 2874 grossly
1445 2829 1608 2874 garbled.

1333 2875 1360 2894 ‘²⁹
1385 2888 1456 2910 mm
1473 2878 1577 2910 intell.
1616 2875 1800 2911 Reuchlin
1814 2876 1886 2909 had
1901 2874 2052 2920 pointed

1287 2928 1363 2966 out,
1396 2928 1467 2958 two
1501 2935 1606 2969 years
1641 2924 1777 2966 before,
1809 2923 1892 2956 that
1928 2922 2053 2966 Hoog-

1286 2974 1427 3004 straten
1446 2982 1516 3003 was
1537 2983 1559 3004 a
1585 2949 1858 3005 Netherlaiider
1883 2969 1955 3002 and
1979 2967 2053 3002 had

1288 3018 1353 3051 but
1379 3029 1400 3051 a
1428 3029 1518 3062 poor
1546 3018 1812 3062 acquaintance
1837 3016 1923 3049 with
1950 3015 2052 3060 High

1287 3065 1459 3100 German.
1513 3064 1656 3107 (li'eueh.
1675 3067 1751 3098 Aet.
1771 3065 1904 3105 dudio„
1921 3062 2037 3106 1513.)

1333 3110 1361 3130 ⁵⁰
1390 3113 1560 3145 (f'ombusns‘.
1575 3123 1587 3145 .·
1614 3111 1696 3146 Feb.
1718 3113 1773 3153 10,
1793 3111 1892 3144 1514.

1746 2547 1852 2581 Card.
1883 2546 2050 2580 Grimani
