2247 3637
314 994 332 1023 5

295 1327 333 1356 10

298 1661 335 1690 15

299 2001 337 2030 20

303 2334 340 2363 25

304 2669 342 2698 30

365 261 838 319 EPISTOLAE
898 257 1491 317 OBSCURORUM
1545 256 1956 312 VIRORUM

1049 501 1309 548 XXVIII

388 642 450 690 ΕΙ
477 641 555 688 ssl.
588 639 931 686 RERNHA
941 639 1156 685 RDUS
1189 636 1469 685 GELFF
1488 651 1619 682 ‘linus
1642 651 1705 682 (ἢν
1732 633 1939 681 minimis

784 706 862 752 M.
896 705 1111 753 Ortvino
1141 705 1272 752 Gra.
1304 702 1523 750 Salutem

506 841 973 890 ONORABILIS
1019 858 1107 889 seu
1148 846 1408 904 praestans
1450 839 1540 895 vir,
1582 842 1816 905 quamvis
1859 856 1961 887 non

537 910 699 957 habeo
746 908 987 955 notitiam
1034 908 1188 955 vestri
1235 906 1404 970 quoad
1455 923 1739 970 personam,
1786 915 1961 955 tamen

367 977 536 1042 quoad
560 978 751 1024 famam
776 975 896 1023 novi
922 991 1010 1022 vos
1035 974 1108 1021 Et
1134 974 1437 1021 iamdudum
1463 981 1540 1021 est
1564 976 1703 1038 quod
1732 974 1960 1022 intellexi

367 1047 431 1092 de
447 1046 615 1093 Causa
634 1049 801 1091 vestra
826 1059 926 1106 que
943 1049 1155 1089 vocatur
1181 1042 1346 1088 Causa
1371 1041 1489 1088 fidei
1515 1049 1692 1090 contra
1712 1043 1961 1089 Ioannem

368 1111 641 1167 Reuchlin,
667 1117 720 1157 et
748 1110 910 1157 habeo
942 1125 1147 1156 mecum
1175 1114 1349 1156 totum
1380 1125 1685 1171 processum.
1761 1109 1832 1155 Et
1866 1109 1961 1156 dis-

367 1186 495 1244 puto
522 1177 733 1225 cottidie
767 1194 885 1224 cum
915 1175 1196 1223 Curtisanis
1226 1181 1277 1221 ct
1309 1175 1531 1238 Copistis
1556 1176 1643 1240 qui
1678 1177 1963 1224 defendunt

370 1246 655 1293 Iohannem
670 1244 940 1292 Reuchlin.
990 1243 1064 1290 Et
1079 1242 1284 1306 quando
1300 1243 1396 1289 iste
1413 1243 1602 1292 Cursor
1618 1243 1963 1308 praesentium

367 1314 500 1361 lator
538 1312 668 1359 dixit
710 1311 835 1358 mihi
874 1311 1013 1374 quod
1061 1309 1171 1356 vult
1215 1310 1284 1357 ire
1327 1310 1390 1356 ad
1440 1310 1738 1359 Almaniam
1781 1317 1835 1358 et
1875 1327 1965 1374 per

370 1379 639 1428 Coloniam
664 1379 818 1426 habet
842 1377 1006 1424 facere
1031 1377 1142 1431 iter,
1169 1376 1275 1424 dixi
1310 1385 1337 1403 ‘⁶
1357 1377 1504 1425 Tunc
1529 1395 1618 1442 per
1641 1379 1796 1426 deum
1822 1394 1962 1425 sanc-

368 1454 484 1495 tum
520 1464 615 1510 ego
648 1446 764 1493 volo
801 1444 1098 1492 contrahere
1127 1444 1365 1491 notitiam
1396 1461 1514 1492 cum
1544 1447 1620 1493 M.
1655 1445 1875 1493 Ortvino
1912 1450 1965 1491 et

370 1515 584 1562 scribere
621 1513 665 1560 ei
703 1529 866 1560 unum
906 1511 1208 1558 dictamen.’⁷
1279 1511 1428 1558 Tunc
1466 1512 1550 1560 ille
1588 1513 1719 1560 dixit
1763 1521 1839 1560 “o
1877 1528 1966 1575 per

370 1583 526 1629 deum
558 1580 782 1628 faciatis:
831 1578 935 1642 ipse
972 1578 1199 1626 multum
1233 1579 1492 1642 gaudebit.
1567 1581 1640 1628 Et
1677 1580 1809 1627 dixit
1841 1578 1965 1626 mihi

370 1649 576 1712 quando
600 1647 736 1694 exivi
766 1646 1051 1701 Coloniam,
1083 1654 1093 1671 ‘
1115 1645 1314 1693 Dicatis
1340 1647 1577 1695 omnibus
1607 1648 1650 1694 T
1655 1646 1881 1710 heologis
1915 1651 1967 1693 et

370 1715 626 1779 magistris
662 1720 713 1761 et
750 1713 965 1760 Artistis
1002 1720 1054 1760 et
1092 1713 1253 1776 poetis
1289 1714 1377 1776 qui
1414 1720 1534 1761 sunt
1574 1715 1790 1770 Romae,
1827 1712 1966 1777 quod

371 1783 592 1831 scribant
629 1780 766 1828 mihi.
839 1780 977 1836 Quia
1012 1780 1228 1828 libenter
1253 1780 1414 1828 habeo
1450 1783 1588 1844 quod
1618 1782 1753 1829 docti
1787 1780 1878 1828 viri
1915 1786 1967 1828 et

371 1850 459 1914 qui
485 1855 605 1897 sunt
631 1849 758 1896 bene
783 1847 1077 1911 qualificati‚
1106 1847 1334 1895 scribunt
1359 1848 1484 1896 mihi
1509 1849 1825 1896 dictaminas.
1893 1847 1967 1894 Et

371 1917 577 1980 quando
614 1915 682 1963 sic
708 1914 935 1962 scribunt
962 1915 1101 1969 mihi,
1127 1921 1252 1961 tunc
1288 1932 1383 1978 ego
1422 1916 1605 1979 colligo
1641 1916 1750 1963 illas
1775 1916 1888 1967 Has,
1914 1920 1966 1962 et

371 1991 548 2048 postea
583 1983 714 2030 facio
750 1999 912 2029 unum
948 1982 1134 2029 librum
1170 1998 1232 2028 ex
1269 1982 1382 2037 illis,
1421 1990 1473 2030 et
1509 1983 1640 2030 facio
1677 2000 1759 2030 eas
1794 1982 1965 2045 impri-

372 2052 541 2099 mere?
622 2049 887 2112 Respondi
912 2049 985 2097 ei:
1025 2057 1035 2075 ⁶
1058 2049 1186 2096 bene
1211 2050 1328 2105 scio,
1355 2049 1474 2113 quia
1503 2050 1607 2097 vidi
1639 2051 1768 2097 bene
1804 2065 1966 2095 unum

370 2118 559 2166 librum
595 2117 682 2181 qui
719 2116 1011 2163 intitulatur
1036 2116 1300 2179 Epistolae
1326 2117 1676 2164 Obscurorum
1711 2116 1966 2171 Virorum,

374 2192 425 2234 et
452 2185 676 2231 multum
696 2183 918 2230 delectat
943 2199 1025 2229 me
1050 2183 1256 2246 quando
1280 2184 1411 2247 lego,
1428 2185 1547 2248 quia
1572 2191 1648 2232 est
1673 2183 1969 2231 notabiliter

375 2253 554 2308 bonus,
581 2251 769 2298 habens
793 2251 844 2297 in
870 2267 920 2297 se
946 2250 1008 2297 de
1033 2250 1208 2297 multis
1234 2252 1469 2298 materias
1494 2251 1759 2298 hincinde.'
1778 2251 1802 2267 ''

476 2318 635 2383 Ergo,
664 2318 737 2365 M.
779 2317 1012 2371 Ortvine‚
1039 2334 1163 2380 rogo
1201 2318 1507 2366 Dominatio
1532 2326 1699 2366 vestra
1725 2318 1849 2366 velit
1885 2333 1968 2364 me

376 2386 559 2433 habere
585 2385 1019 2438 commendatum,
1041 2384 1160 2446 quia
1186 2401 1299 2432 sum
1325 2386 1565 2433 mirabilis
1591 2387 1762 2433 fautor
1786 2391 1967 2439 vester,

376 2460 429 2501 et
453 2470 569 2500 amo
598 2469 687 2499 vos
716 2450 1090 2498 incredibiliter.
1164 2450 1339 2498 Etiam
1370 2453 1565 2500 debetis
1599 2469 1681 2500 me
1710 2467 1969 2499 commen-

377 2521 495 2568 dare
539 2519 756 2566 Iohanni
795 2517 1118 2565 Pfefferkorn
1153 2519 1413 2580 quondam
1458 2519 1665 2573 Iudaeo,
1703 2519 1790 2566 sed
1833 2534 1969 2564 nunc

375 2587 590 2635 feliciter
614 2586 666 2633 in
691 2584 895 2633 Christo
920 2584 1192 2648 baptizato.
1255 2585 1410 2633 Liber
1429 2603 1547 2632 suus
1572 2586 1659 2648 qui
1678 2584 1972 2632 intitulatur

379 2663 405 2681 “
428 2654 677 2702 Defensio
715 2651 957 2700 Iohannis
996 2651 1317 2698 Pfefferkorn
1354 2659 1530 2700 contra
1568 2653 1811 2699 Famosas
1833 2652 1856 2667 ”
1894 2657 1970 2698 est

378 2722 502 2769 mihi
538 2727 770 2785 portatus
807 2736 870 2767 ex
911 2718 1166 2773 Almania‚
1193 2724 1245 2765 et
1282 2718 1381 2783 legi
1418 2735 1535 2766 eum
1573 2736 1661 2783 per
1696 2726 1884 2773 totum,
1919 2724 1971 2765 et

379 2789 574 2852 signavi
594 2786 838 2835 notabilia
853 2793 906 2834 et
924 2785 1350 2833 Continuationes
1370 2787 1421 2833 in
1442 2786 1683 2850 margine.
1750 2786 1824 2833 Et
1841 2785 1967 2832 mul-

428 2906 438 2924 1
467 2907 565 2948 (wlff.
617 2906 684 2939 See
701 2906 737 2938 ii.
758 2905 790 2948 l,
809 2917 844 2938 η.
1213 2916 1233 2936 a
1251 2915 1380 2937 course
1401 2904 1442 2937 of
1463 2903 1621 2937 lecturos
1647 2916 1693 2937 011
1720 2916 1739 2936 a
1765 2904 1910 2949 portion
1935 2902 1976 2936 of

427 2953 437 2970 ⁷
464 2965 683 2995 promarum:
707 2951 921 2996 seemingly,
943 2951 1142 2984 “minutes
1212 2950 1275 2984 the
1308 2950 1420 2984 Bible.
1473 2954 1539 2984 See
1574 2950 1765 2991 RashdaH,
1805 2952 1906 2983 Um'v.
1937 2950 1981 2992 Qf

381 3000 422 3033 of
434 3001 498 3033 the
516 3012 596 3033 case
611 3000 628 3014 ’³
645 3011 653 3041 ;
679 3000 763 3033 Ger.
787 2999 1051 3032 l'rozeszalsten.
1215 2999 1300 3030 Eur.
1320 3000 1355 3031 iu
1376 3000 1430 3031 the
1448 3000 1533 3031 Mid.
1554 3002 1655 3041 --1ye.s·‚
1677 2999 1697 3031 i.
1716 2998 1794 3038 465,
1814 2996 1891 3030 467.

429 3046 440 3064 9
469 3049 622 3080 (urs-or:
642 3049 692 3079 te.
709 3047 746 3079 in
760 3045 936 3090 theology
953 3055 961 3086 ;
983 3045 1046 3078 the
1061 3044 1140 3077 first
1260 3044 1286 3064 ³²
1311 3046 1421 3078 natal».
1437 3057 1448 3078 .·
1467 3045 1651 3079 indicated
1671 3045 1717 3088 by
1738 3046 1764 3061 “
1780 3044 1881 3078 NB.”

381 3098 483 3135 stage
501 3094 542 3126 of
555 3093 812 3137 bachelorship
830 3093 867 3125 in
885 3093 949 3126 the
966 3103 1047 3125 case
1065 3091 1106 3124 of
1119 3102 1139 3124 a
1259 3090 1287 3110 ³²
1314 3094 1448 3127 (Ὁηίίη.
1464 3104 1476 3125 .·
1525 3092 1623 3126 brief
1660 3090 1840 3136 marginal
1874 3102 1972 3124 sum-

380 3139 522 3174 secular
534 3140 698 3182 student,
711 3140 748 3173 in
763 3139 879 3173 which
894 3139 939 3173 he
953 3138 1139 3173 delivered
1208 3139 1350 3172 maries.

1138 3200 1233 3241 190
