2247 3637
201 288 226 325 1.
252 289 318 337 2²3]
485 275 856 331 IOANNES
909 276 1506 333 VICKELPHIUS

198 402 284 448 per
322 385 482 432 vitam
526 399 724 439 meam3
774 390 825 432 et
867 384 1129 448 quomodo
1170 383 1379 432 fuerunt
1423 385 1692 440 combusti,
1736 391 1789 432 et
1822 398 1860 427 80

196 452 334 514 quod
369 451 462 515 ipsi
500 450 655 498 semel
692 450 1048 515 imposuerunt
1083 467 1339 499 venenum
1382 450 1433 497 in
1471 458 1788 499 sacramento

197 517 542 572 eucharistiae,
590 523 642 564 et
690 517 758 564 sic
806 517 1171 566 interfecerunt
1212 533 1374 564 unum
1411 518 1785 581 imperatorem.

196 585 269 632 Et
317 585 446 633 dixit
493 584 632 647 quod
681 591 885 648 oportet
931 585 1087 632 istum
1134 584 1364 632 ordinem
1413 585 1609 641 delere;
1668 585 1787 633 alias

197 653 321 699 fient
357 651 522 699 multa
558 651 793 698 scandala
827 651 879 700 in
916 652 1031 706 fide,
1058 652 1177 716 quia
1213 652 1378 699 omnis
1414 651 1609 699 malitia
1634 659 1710 699 est
1735 653 1786 700 in

195 719 281 766 illo
317 718 521 774 ordine;
564 724 617 766 et
652 718 750 766 alia
785 719 949 766 multa
984 719 1129 766 dixit.
1203 718 1344 782 Ergo
1380 719 1577 766 debetis
1613 726 1787 785 aperte
1821 730 1859 759 85

194 786 317 833 scire
358 785 496 850 quod
539 785 723 833 vellem
770 785 988 834 libenter
1032 786 1193 834 redire
1234 786 1296 833 ad
1339 786 1625 841 Coloniam,
1668 786 1788 850 quia

193 853 316 916 quid
353 853 515 900 debeo
551 853 717 900 facere
755 870 871 900 cum
908 853 1097 901 talibus
1139 853 1421 901 maledictis
1458 853 1786 902 hominibus?

196 921 385 968 Veniat
434 936 568 967 mors
611 936 760 984 super
807 920 934 976 illos,
977 927 1029 968 et
1071 920 1381 968 descendant
1424 920 1486 967 ad
1528 920 1785 968 infernum

194 986 437 1042 viventes,
487 994 544 1034 ut
592 986 760 1050 inquit
802 987 1088 1044 Psalmista‚
1129 988 1249 1051 quia
1290 994 1409 1035 sunt
1451 987 1540 1035 filii
1582 988 1783 1036 diaboli.

194 1054 247 1101 Si
286 1055 487 1102 videtur
524 1054 681 1109 vobis,
709 1061 834 1102 tunc
871 1055 1009 1119 prius
1048 1054 1163 1102 volo
1199 1055 1426 1118 accipere
1461 1055 1707 1119 gradum:
1746 1055 1785 1103 si
1822 1064 1859 1094 90

193 1138 309 1177 non,
349 1128 475 1168 tunc
515 1121 631 1169 volo
669 1122 805 1169 abire
843 1122 1031 1170 statim.
1107 1122 1249 1185 Ergo
1287 1122 1482 1170 debetis
1522 1121 1645 1170 mihi
1683 1122 1786 1171 cito

191 1188 406 1236 scribere
449 1195 678 1237 mentem
723 1195 973 1245 vestram3
1027 1190 1312 1237 secundum
1359 1189 1498 1237 illam
1542 1189 1659 1237 volo
1702 1207 1784 1238 me

189 1271 390 1319 regere3
460 1262 514 1304 et
572 1273 689 1304 cum
750 1256 845 1303 hoc
904 1257 1210 1304 commendo
1268 1273 1357 1304 vos
1414 1256 1625 1305 domino
1672 1258 1781 1305 deo.

196 1323 391 1371 Valete.

299 1407 359 1443 Ex
382 1407 615 1444 MOGUNTIA.
1819 1399 1857 1428 95

880 1545 1092 1592 XXIII

186 1679 249 1727 (I
306 1678 344 1726 I
345 1678 678 1726 OANNES
738 1679 791 1724 V
786 1679 824 1726 I
825 1678 1201 1727 CKELPHI
1206 1678 1301 1725 US
1358 1677 1552 1727 humilis
1609 1696 1783 1729 sacrae

360 1744 661 1810 leeologiae
696 1745 961 1810 professor
998 1746 1051 1793 S.
1096 1746 1167 1794 D.
1206 1746 1288 1793 M.
1331 1745 1548 1794 Ortvz‘no
1593 1746 1782 1795 Gratio

346 1819 525 1876 poetae
559 1819 605 1861 et
650 1812 916 1878 Tlaeologo,
953 1819 1038 1862 ete.

359 2014 411 2062 in
453 2014 755 2070 Daventria‚
793 2021 845 2062 et
888 2032 984 2080 ego
1031 2015 1198 2063 amavi
1233 2032 1325 2079 pro
1371 2022 1498 2063 tunc
1535 2033 1624 2063 vos
1661 2023 1780 2064 ante
1816 2035 1835 2063 5

183 2097 360 2129 omnes
407 2081 671 2139 scholares,
709 2083 829 2147 quia
875 2082 1122 2130 habuistis
1171 2083 1366 2130 bonum
1414 2083 1681 2147 ingenium
1729 2090 1781 2131 et

180 2148 346 2196 fuistis
405 2148 552 2198 valde
610 2149 960 2214 disciplinatus
1017 2149 1228 2205 iuvenis,
1276 2156 1586 2214 quapropter
1643 2166 1780 2198 nunc

182 2215 337 2263 etiam
385 2216 502 2263 volo
550 2217 693 2264 vobis
741 2217 859 2265 dare
908 2217 1177 2265 consilium
1219 2217 1514 2280 ubicunque
1555 2233 1775 2281 possum.

184 2282 283 2330 Sed
317 2299 407 2330 vos
440 2283 634 2332 debetis
669 2285 825 2332 etiam
858 2285 993 2332 bono
1023 2285 1196 2332 animo
1229 2284 1471 2349 accipere,
1503 2284 1622 2348 quia
1654 2285 1778 2332 deus

182 2356 257 2397 est
290 2357 544 2399 scrutator
575 2351 806 2399 cordium
836 2357 887 2399 et
917 2352 1012 2400 scit
1043 2352 1182 2415 quod
1216 2369 1311 2416 ego
1341 2353 1522 2415 loquor
1547 2351 1689 2400 vobis
1715 2368 1778 2399 ex
1813 2370 1850 2398 10

180 2416 467 2473 dilectione,
496 2425 548 2466 et
582 2435 673 2484 pro
710 2419 873 2467 salute
909 2420 1108 2467 animae
1144 2425 1354 2468 vestrae.
1429 2419 1665 2466 Fuerunt
1697 2419 1777 2466 hic

182 1946 930 2089 QUONIAMQUIDEM
962 1947 1085 1995 olim
1116 1947 1284 1995 fuistis
1321 1947 1599 2012 discipulus
1636 1965 1781 1997 meus

184 2538 300 2580 Prior,
353 2538 567 2581 Sub-Prior,
632 2539 820 2581 Lecturer,
870 2540 943 2573 and
1014 2541 1121 2573 bonus
1171 2541 1373 2581 Hedivivus,
1425 2539 1617 2584 Marpurg,
1670 2539 1774 2582 1616,

184 2585 357 2619 Receiver
383 2586 424 2619 of
452 2586 516 2620 the
542 2587 618 2620 said
653 2587 823 2620 Convent
851 2598 944 2621 were
1014 2591 1144 2630 quotes
1185 2587 1249 2620 the
1291 2587 1434 2631 saying,
1480 2585 1623 2619 “Calix
1664 2587 1773 2628 vitae,

184 2632 304 2666 Burnt
331 2637 370 2666 at
399 2644 420 2666 a
449 2633 561 2667 Stake
588 2660 594 2666 .
623 2661 629 2667 .
660 2660 666 2667 .
697 2634 798 2668 1509.
861 2633 944 2667 Col-
1013 2633 1108 2666 calix
1138 2633 1301 2667 mortis.’'
1354 2633 1424 2666 For
1449 2645 1469 2666 a
1495 2633 1642 2666 Curious
1669 2633 1774 2667 Latin

180 2678 299 2713 lected
325 2680 419 2713 from
446 2680 510 2714 the
537 2680 698 2714 Records
723 2681 765 2714 of
785 2680 849 2714 the
867 2681 943 2714 said
1014 2692 1130 2724 poem,
1151 2680 1246 2714 “De
1261 2681 1352 2725 lmp.
1371 2679 1537 2713 Helm-ici
1550 2679 1632 2713 VII.
1651 2679 1774 2714 obitu:

182 2726 265 2770 (Jity
300 2726 345 2771 by
377 2727 442 2761 the
483 2739 566 2761 care
607 2728 649 2761 of
685 2728 742 2761 Sir
777 2727 943 2761 William
1013 2739 1121 2771 quem
1170 2728 1208 2761 F.
1256 2726 1442 2769 Paulinus,
1485 2727 1625 2760 ordinis
1668 2726 1775 2761 Prae-

182 2771 337 2815 Waller,
373 2774 528 2819 Knight.
595 2774 813 2809 Translated
848 2775 942 2808 from
1013 2775 1231 2816 dicatorum,
1252 2775 1430 2807 instinctu
1458 2772 1772 2817 Florentinorum,

182 2818 237 2852 his
272 2819 413 2854 French
450 2821 551 2866 Copy
586 2821 634 2867 by
667 2834 713 2856 an
756 2821 942 2867 impartial
1012 2822 1050 2854 iu
1079 2821 1309 2854 Eucharistia
1339 2820 1565 2862 intoxicavit,
1596 2820 1774 2865 Rhythmi

184 2865 257 2898 Pen
284 2892 290 2899 .
323 2893 330 2900 .
362 2893 368 2900 .
399 2867 566 2910 London,
585 2868 811 2903 MDcnxxrxss'
1012 2868 1049 2901 in
1085 2869 1334 2902 vetustissimo
1376 2867 1469 2900 libro
1509 2867 1680 2911 repe1·ti,'’
1715 2880 1775 2902 see

227 2911 254 2930 ⁸²
289 2914 487 2948 Venenum:
536 2915 720 2958 referring·
778 2921 817 2950 to
878 2916 943 2949 the
1013 2915 1130 2959 Marg.
1159 2914 1309 2956 Freher,
1328 2915 1617 2947 Germanicarum
1645 2916 1774 2949 Rerum

179 2958 324 3003 alleged
342 2961 536 3007 poisoning
554 2963 595 2995 of
608 2963 672 2997 the
692 2963 796 3008 Emp.
811 2962 942 3008 Henry
1011 2964 1216 3003 Scriptores,
1240 2960 1453 3003 Frank-fort,
1484 2960 1574 2995 1600
1598 2961 1703 3004 (tom.
1732 2963 1771 3003 i.,

181 3005 264 3039 Vll.
317 3008 354 3040 in
408 3008 507 3041 1313.
584 3009 616 3042 Α
666 3009 755 3054 long
801 3009 864 3043 list
905 3009 947 3043 of
1011 3008 1137 3052 App.).

179 3053 397 3087 authorities
422 3054 451 3088 is
476 3056 585 3098 given
611 3056 658 3101 by
676 3056 712 3092 J.
735 3057 771 3090 F.
796 3057 938 3101 Meyer,
1057 3054 1084 3072 ⁸⁹
1110 3056 1203 3088 Psal.
1219 3067 1230 3088 .·
1248 3054 1294 3087 lv.
1322 3055 1363 3088 15
1381 3053 1498 3098 (A.v.).

180 3101 231 3134 lte
296 3102 429 3134 Hostiis
486 3105 518 3134 et
578 3103 688 3136 Caliee
744 3105 939 3145 Venenatis,
1058 3101 1069 3119 ¹
1105 3103 1343 3143 Vielselphizts:
1362 3103 1465 3144 Art-ql.
1487 3101 1627 3136 “John
1646 3102 1774 3147 Jasey-

179 3147 445 3192 Gryphiswald,
465 3147 562 3182 1703.
618 3150 656 3183 C.
675 3149 792 3192 Pezel,
811 3152 939 3184 Casan·
1011 3148 1153 3181 block.”

951 3210 1009 3250 61
