2247 3637
293 405 331 435 30

295 739 333 769 35

294 1071 332 1101 40

293 1405 331 1436 45

366 277 837 334 EPISTOLAE
900 275 1491 334 OBSCURORUM
1543 273 1954 330 VIRORUM

365 393 480 434 tum
545 386 666 448 [est]
726 384 867 433 locus
919 383 1007 432 ubi
1059 391 1197 433 stant
1250 383 1444 448 aegroti
1502 381 1590 445 qui
1647 381 1955 445 quandoque

365 452 597 516 indigent
637 452 767 517 igne.
842 451 1023 499 Gallus
1062 450 1358 515 gallinacius
1399 449 1586 497 dicitur
1628 447 1809 496 Gallus
1852 464 1954 496 cas-

365 525 530 568 tratus
572 525 625 568 et
665 519 734 567 sic
770 518 898 574 vilis,
939 534 1095 581 quem
1130 519 1311 566 dicunt
1348 516 1529 564 fortius
1570 531 1798 580 pugnare
1839 531 1958 563 cum

366 592 613 651 serpente.
688 585 786 634 Vel
822 584 902 632 dic
941 585 1121 633 Gallus
1157 584 1466 649 gallinacius,
1491 581 1610 646 quia
1645 587 1786 630 amat
1816 580 1959 645 galli-

366 669 473 711 nas,
515 660 574 701 ut
615 653 690 701 vir
731 652 939 701 uxorius
980 651 1069 715 qui
1109 652 1324 700 feminas
1364 649 1545 714 diligit.
1619 648 1699 696 Ut
1741 649 1792 696 in
1832 647 1959 696 Odis

369 720 591 769 Horatii.
664 719 853 767 Diaeta
877 724 955 766 est
982 718 1122 767 locus
1146 719 1199 767 in
1223 718 1364 774 auliS,
1390 716 1479 764 ubi
1507 715 1701 764 domini
1730 721 1870 763 stant
1895 715 1959 762 ad

368 787 555 851 ignem.
659 787 860 835 Chorus
902 791 979 834 est
1021 785 1302 834 multitudo
1338 800 1599 832 servorum
1638 782 1959 831 cantantium

368 870 487 902 cum
512 854 737 918 quodam
769 853 1113 901 instrumento
1138 852 1332 900 musico
1361 851 1501 914 quod
1525 849 1712 898 dicitur
1742 849 1956 897 Chorus.

369 921 693 969 Centumviri
729 926 850 968 sunt
883 919 1153 968 Senatores
1187 920 1275 983 qui
1311 924 1520 967 centum
1554 933 1767 965 numero
1799 922 1956 964 erant.

367 988 616 1036 Patritius
640 986 826 1036 dicitur
857 987 1002 1050 quasi
1031 986 1268 1051 principis
1300 991 1454 1051 pater.
1529 984 1682 1032 Unde
1708 982 1960 1031 Salustius

369 1063 395 1082 “
417 1055 463 1101 O
511 1062 680 1119 patres
729 1053 1060 1119 Conscripti.’'
1154 1054 1290 1101 Nam
1339 1052 1526 1117 scripta
1585 1056 1728 1098 erant
1782 1066 1959 1098 eorum

366 1122 576 1170 nomina
622 1121 675 1169 in
721 1120 892 1184 aliquo
934 1121 1061 1177 loco,
1105 1121 1186 1169 vel
1227 1121 1279 1168 in
1318 1121 1520 1168 Corona
1561 1118 1740 1183 capitis
1781 1133 1958 1165 eorum

365 1189 447 1237 vel
493 1187 625 1238 alias.
722 1188 935 1252 Semper
981 1187 1185 1251 quando
1233 1187 1430 1235 habetis
1478 1185 1646 1248 aliqua
1693 1184 1849 1232 dubia
1906 1184 1957 1231 in

365 1261 585 1319 utroque
631 1255 754 1312 iure,
795 1261 921 1303 tunc
962 1255 1157 1303 debetis
1199 1254 1480 1319 significare
1521 1251 1662 1308 mihi,
1711 1258 1765 1300 et
1805 1267 1957 1316 expo·

365 1339 485 1371 nam
510 1322 652 1371 vobis
683 1322 755 1370 ita
779 1322 909 1370 bene
941 1321 1072 1370 sicut
1104 1321 1357 1370 Iohannes
1388 1318 1647 1369 Reuchlin
1670 1319 1753 1367 vel
1776 1318 1957 1382 aliquis

366 1389 554 1437 Iurista
595 1389 683 1453 qui
729 1396 851 1438 sunt
892 1389 944 1437 in
991 1390 1198 1438 mundo.
1290 1389 1363 1436 Et
1410 1404 1529 1436 cum
1576 1387 1670 1434 hoc
1712 1385 1952 1434 Valeatis.

365 1457 569 1505 Datum
608 1456 915 1521 Ingolstadt.

1073 1655 1237 1703 LVII

544 1793 607 1841 11
635 1792 742 1840 GA
751 1792 844 1839 LI
841 1792 1022 1839 ENU
1017 1793 1062 1839 S
1090 1792 1193 1838 ΡΑ
1201 1791 1373 1838 DEB
1379 1790 1741 1838 ORNENSI
1739 1790 1781 1836 S

816 1859 895 1907 M.
939 1859 1155 1906 Ortvino
1194 1858 1382 1906 Gratio
1419 1859 1503 1906 Sa.

479 1994 946 2042 ENERABILIS
984 1994 1077 2050 M„
1110 1993 1348 2042 terribilis
1379 1992 1478 2041 suit
1511 1992 1636 2040 mihi
1669 1992 1815 2039 valde
1853 2006 1954 2038 una

511 2061 712 2124 loquela
741 2078 871 2124 quae
904 2060 1136 2126 pervenit
1167 2061 1230 2108 ad
1261 2077 1343 2108 me
1373 2060 1563 2108 faciens
1594 2059 1719 2107 mihi
1751 2074 1956 2121 surgere

309 2144 328 2175 5
364 2128 542 2177 Crines
562 2128 803 2193 superius.
865 2128 963 2176 Est
982 2134 1157 2175 autem
1177 2127 1292 2176 talis
1311 2145 1321 2175 :
1353 2128 1547 2175 Omnes
1566 2127 1670 2174 fere
1690 2126 1955 2174 studentes

291 2478 329 2508 10

363 2201 416 2244 et
443 2195 607 2244 clerici
632 2195 720 2258 qui
745 2194 959 2244 veniunt
989 2211 1053 2243 ex
1087 2194 1317 2251 Colonia,
1344 2194 1524 2242 dicunt
1552 2194 1691 2256 quod
1717 2199 1795 2241 est
1818 2208 1955 2238 mur-

363 2279 493 2319 mur,
519 2263 657 2326 quod
688 2263 867 2310 fratres
902 2261 1273 2328 praedicatores
1309 2267 1586 2325 antequam
1612 2260 1796 2308 volunt
1819 2259 1957 2323 quod

365 2330 440 2377 Io.
464 2329 719 2377 Reuchlin
745 2330 899 2377 debet
922 2346 1006 2377 eos
1028 2328 1227 2377 vincere
1252 2328 1303 2376 in
1330 2345 1478 2376 causa
1502 2327 1635 2383 fidei,
1656 2327 1750 2391 ipsi
1776 2327 1958 2374 volunt

363 2396 533 2461 potius
560 2396 855 2444 Praedicare
881 2413 1035 2443 unam
1067 2396 1218 2443 aliam
1244 2396 1411 2443 fidem.
1486 2395 1559 2442 Et
1591 2394 1722 2442 dixit
1747 2393 1956 2457 quidam

363 2463 503 2526 quod
539 2469 618 2511 est
649 2463 887 2528 possibile
922 2463 1060 2526 quod
1093 2463 1298 2526 quando
1327 2463 1469 2527 Papa
1498 2461 1620 2509 facit
1648 2460 1956 2510 sententiam

365 2536 541 2578 contra
588 2547 688 2587 eos,
736 2530 875 2593 quod
922 2530 1072 2577 ibunt
1122 2530 1175 2576 in
1224 2530 1525 2578 Bohemiam
1572 2535 1624 2575 et
1676 2527 1957 2575 hortabunt

363 2596 643 2646 haereticos
679 2597 741 2644 ad
779 2596 1087 2645 credendum
1127 2603 1304 2644 contra
1340 2595 1624 2644 Ecclesiam
1657 2601 1708 2642 et
1742 2594 1956 2658 Papam,

364 2671 417 2712 et
450 2664 518 2712 sic
548 2664 882 2712 vindicabunt
918 2663 1167 2711 iniuriam.
1242 2664 1288 2710 O
1327 2663 1458 2711 bone
1487 2662 1692 2709 domine
1722 2660 1957 2717 Ortvine,

365 2731 639 2779 consulatis
687 2731 756 2779 eis
803 2731 940 2793 quod
988 2746 1091 2777 non
1142 2730 1366 2777 faciunt:
1425 2728 1544 2792 quia
1590 2735 1721 2777 esset
1768 2744 1958 2792 magna

311 2810 329 2841 5
363 2797 592 2847 haeresis.
666 2798 784 2862 Ego
822 2814 967 2862 spero
1005 2797 1143 2859 quod
1183 2813 1285 2844 non
1323 2802 1402 2844 est
1439 2811 1629 2844 verum.
1703 2795 1777 2842 Et
1820 2794 1958 2859 cogi-

362 2865 469 2913 tavi
502 2881 735 2913 mecum:
775 2872 802 2892 “
821 2865 980 2912 Forte
1011 2864 1150 2926 quod
1184 2863 1564 2911 Praedicatores
1596 2863 1859 2910 minantur
1887 2861 1956 2909 sic

364 2948 538 2997 papae,
565 2931 794 2980 volentes
820 2947 938 2979 eum
963 2936 1165 2985 terrere,
1191 2930 1329 2993 quod
1358 2929 1511 2978 debet
1540 2930 1764 2993 cogitare
1790 2936 1801 2955 ‘
1819 2929 1957 2976 Ecce

598 3055 625 3075 ³⁵
653 3059 763 3090 Horat
775 3068 786 3090 .·
835 3056 916 3090 Car.
936 3056 956 3089 i.
974 3055 1008 3098 2,
1030 3056 1058 3073 “
1071 3056 1219 3089 uxorius
1235 3055 1386 3089 amnis.”

597 3101 624 3121 ³⁸
649 3105 797 3138 chorus:
847 3104 875 3120 ‘¹
888 3103 1130 3136 Instrumenti
1149 3103 1276 3136 musici
1295 3102 1463 3147 speciesss’
1513 3102 1572 3136 Du
1592 3102 1727 3147 Gange.

598 3150 624 3169 ¹¹
651 3152 790 3184 Boleem.
841 3150 908 3184 Sce
926 3151 960 3183 ii.
977 3150 1034 3185 50.
