2247 3637
368 649 404 678 10

369 1983 407 2012 30

374 2657 411 2684 40

443 254 490 307 E
503 253 743 308 PISTO
753 254 858 307 LA
871 254 912 307 E
974 253 1565 309 osssCURORUM
1621 253 1953 309 VIRORU
1958 252 2030 307 M

439 361 664 408 matisari
712 362 774 408 ad
822 362 1141 426 propositum
1190 379 1392 409 meum:
1450 362 1697 426 Magister
1747 363 1833 410 Or.
1878 363 2032 410 habet

440 445 493 475 os
530 435 581 475 et
618 445 720 476 non
763 429 1003 492 loquitur,
1043 430 1113 475 ita
1148 435 1208 476 ut
1245 430 1400 477 semel
1442 429 1630 476 diceret
1673 429 1823 476 alicui
1861 429 2033 477 Curti-

441 512 562 542 sano
588 496 675 558 qui
700 496 866 543 tendit
904 497 1155 543 Romam:
1195 504 1221 522 “
1241 496 1470 544 salutetis
1508 496 1631 542 mihi
1657 497 1703 543 d.
1733 497 2032 543 Cunradum

446 562 846 610 Unekebunek.⁷'
930 562 1003 609 Et
1046 563 1200 610 habet
1240 564 1413 610 oeulos
1454 569 1505 610 et
1547 579 1649 609 non
1691 563 1859 610 videt:
1914 563 2034 625 quia

441 629 638 693 scripsit
672 629 715 676 ei
753 630 941 677 multas
977 630 1171 677 litteras
1208 637 1259 677 et
1295 648 1396 677 non
1434 631 1706 693 respondet
1741 629 1865 676 mihi
1890 630 2033 693 quasi

441 712 544 743 non
581 696 753 760 legens
791 713 877 743 seu
916 696 1103 744 videns.
1179 697 1251 744 Et
1286 697 1439 745 tertio
1477 697 1629 744 habet
1666 714 1808 744 aures
1842 703 1894 744 et
1929 713 2033 744 non

442 763 612 810 audit:
651 765 768 826 quia
806 764 1159 811 commendavi
1197 764 1372 812 multis
1409 764 1552 811 sociis
1589 765 1795 826 quando
1832 764 2033 811 iverunt

441 830 503 876 ad
547 836 729 893 partes,
774 837 831 877 ut
873 830 1153 878 salutarent
1195 848 1328 879 eum.
1405 831 1505 878 Sed
1548 830 1652 893 ipse
1696 847 1798 878 non
1839 830 2034 878 audivit

441 896 771 944 salutationes
830 914 983 951 meas,
1031 897 1150 961 quia
1207 915 1309 945 non
1369 898 1630 962 respondit
1687 898 1795 945 illis.
1892 897 2033 961 Ergo

389 981 404 1007 z
441 964 660 1027 peccatis
709 963 870 1019 valde,
919 965 1038 1028 quia
1085 981 1180 1029 ego
1227 982 1343 1012 amo
1392 982 1509 1012 vos:
1571 971 1623 1012 et
1670 982 1789 1028 ergo
1838 964 2034 1011 debetis

442 1047 524 1077 me
560 1030 745 1077 iterum
783 1048 965 1078 amare.
1041 1032 1139 1078 Sed
1178 1049 1280 1079 non
1318 1033 1497 1085 facitis,
1524 1032 1643 1095 quia
1679 1048 1782 1078 non
1819 1031 2033 1079 scribitis

442 1097 562 1144 mihi
595 1097 732 1145 nihil.
807 1098 880 1145 Et
908 1098 1091 1146 vellem
1116 1099 1333 1146 libenter
1361 1100 1499 1163 quod
1531 1099 1818 1162 saepissime
1856 1099 2032 1146 seribe-

442 1164 547 1211 ritis
588 1164 739 1212 mihi:
785 1165 904 1228 quia
951 1167 1157 1228 quando
1204 1166 1320 1231 lego
1368 1167 1462 1213 lras
1512 1172 1719 1220 vestras,
1756 1165 2034 1213 laetificant

442 1248 523 1278 me
566 1231 615 1278 in
658 1232 808 1278 corde
850 1232 1001 1280 intus.
1075 1234 1328 1281 Attamen
1371 1234 1614 1288 intellexi,
1657 1234 1794 1296 quod
1838 1232 2034 1280 habetis

394 1313 399 1340 ἰ
440 1315 628 1362 paucos
665 1299 936 1355 auditores,
963 1307 1015 1346 et
1052 1307 1127 1348 est
1164 1301 1369 1364 querela
1408 1307 1573 1348 vestra
1608 1301 1745 1363 quod
1784 1300 2034 1348 Buschius

442 1372 494 1412 et
554 1366 817 1413 Caesarius
875 1366 1088 1415 trahunt
1147 1368 1288 1415 vobis
1348 1368 1598 1415 scholares
1658 1373 1710 1415 et
1774 1367 2034 1432 supposita

442 1432 653 1480 abinde:
692 1450 808 1480 eum
834 1440 1009 1481 tamen
1036 1434 1128 1498 ipsi
1154 1451 1256 1482 non
1283 1436 1449 1482 sciunt
1474 1435 1545 1482 ita
1570 1451 1823 1498 exponere
1859 1440 2034 1497 poetas

442 1499 734 1563 Allegoriee
783 1501 914 1548 sicut
962 1518 1065 1557 VOS,
1115 1509 1166 1549 et
1225 1503 1592 1566 superallegare
1641 1519 1831 1549 sacram
1881 1501 2035 1565 serip-

441 1572 624 1614 turam.
701 1567 867 1614 Credo
903 1569 1042 1631 quod
1079 1569 1309 1616 diabolus
1345 1576 1422 1616 est
1458 1569 1509 1615 in
1546 1569 1641 1616 illis
1677 1569 1854 1633 poetis.
1930 1568 2035 1632 Ipsi

442 1633 715 1681 destruunt
740 1651 915 1682 omnes
948 1635 1317 1684 universitates.
1392 1636 1465 1684 Et
1490 1636 1659 1683 audivi
1698 1637 1760 1683 ab
1792 1653 1895 1684 uno
1921 1636 2033 1682 An-

441 1700 588 1763 tiquo
644 1701 895 1765 Magistro
954 1702 1155 1766 lipsensi
1204 1704 1292 1766 qui
1340 1703 1440 1751 fuit
1488 1704 1728 1767 magister
1777 1703 2033 1749 XXXVI

443 1784 708 1823 annorum,
752 1775 803 1815 et
846 1769 977 1816 dixit
1024 1769 1163 1826 mihi,
1202 1771 1407 1834 quando
1454 1770 1558 1834 ipse
1597 1770 1776 1817 fuisset
1824 1770 2034 1824 iuvenis,

442 1841 567 1882 ωηο
604 1835 688 1881 illa
724 1836 1025 1883 universitas
1063 1837 1191 1884 bene
1228 1838 1466 1893 stetisset,
1504 1838 1623 1901 quia
1658 1837 1709 1885 in
1749 1838 1863 1883 XX
1906 1836 2035 1883 mili-

443 1901 610 1949 aribus
647 1902 817 1949 nullus
854 1909 1005 1966 poeta
1030 1903 1221 1951 fuisset.
1296 1904 1367 1951 Et
1393 1905 1524 1952 dixit
1551 1904 1705 1953 etiam
1739 1904 1876 1967 quod
1910 1910 2035 1950 tune

444 1969 704 2032 supposita
745 1969 1015 2030 diligenter
1057 1971 1444 2035 compleverunt
1492 1972 1733 2019 lectiones
1781 1988 1894 2018 suas
1936 1971 2034 2017 for-

444 2036 599 2082 males
647 2042 698 2083 et
759 2037 1050 2083 Materiales
1099 2055 1185 2085 seu
1234 2039 1483 2086 bursales:
1543 2046 1594 2086 et
1642 2038 1741 2086 fuit
1788 2054 2035 2101 magnum

445 2103 739 2150 scandalum
778 2104 915 2166 quod
953 2104 1132 2167 aliquis
1170 2106 1379 2153 studens
1422 2107 1516 2153 iret
1554 2106 1604 2152 in
1642 2107 1810 2169 platea
1845 2112 1896 2152 et
1933 2121 2035 2151 non

445 2170 652 2217 haberet
702 2171 916 2217 Petrum
970 2172 1263 2235 Hispanum
1311 2180 1400 2220 aut
1449 2174 1615 2220 Parva
1662 2172 1895 2237 logicalia
1943 2171 2036 2218 sub

446 2237 662 2283 brachio.
754 2236 826 2283 Et
866 2238 903 2284 si
944 2238 1152 2286 fuerunt
1191 2240 1544 2296 Grammatici,
1588 2247 1713 2287 ωηο
1762 2239 2037 2304 portabant

447 2304 624 2351 Partes
674 2304 956 2351 Alexandri
1006 2306 1083 2352 vel
1140 2307 1266 2354 vade
1325 2324 1528 2354 meeum
1577 2307 1656 2354 vel
1717 2306 2036 2353 Exercitium

446 2388 735 2435 puerorum,
780 2378 868 2418 aut
907 2372 1050 2435 Opus
1099 2372 1281 2429 minus,
1325 2381 1414 2421 aut
1456 2374 1595 2421 dicta
1644 2373 1886 2421 Iohannis
1930 2373 2036 2419 Sin-

445 2437 584 2484 then.
659 2438 732 2484 Et
770 2437 818 2483 in
856 2438 1036 2485 scholis
1074 2440 1408 2487 advertebant
1445 2441 1742 2503 diligenter:
1791 2447 1842 2487 et
1880 2440 2038 2486 habu-

445 2511 597 2552 erunt
623 2505 671 2551 in
699 2505 887 2551 honore
915 2505 1182 2568 magistros
1209 2508 1451 2555 Artium:
1490 2515 1543 2555 et
1567 2508 1773 2571 quando
1800 2507 2038 2554 viderunt

446 2588 609 2618 unum
647 2572 973 2635 Magistrum,
1012 2579 1136 2619 ωηο
1174 2576 1382 2621 fuerunt
1425 2575 1678 2639 perterriti
1715 2574 1854 2637 quasi
1902 2573 2037 2620 vide-

446 2645 560 2685 rent
601 2655 763 2685 ununi
807 2639 1079 2686 diabolum.
1155 2640 1225 2687 Et
1268 2641 1399 2689 dixit
1441 2642 1596 2689 etiam
1639 2642 1777 2704 quod
1821 2647 2037 2704 protunc

445 2712 628 2768 quater
656 2705 706 2751 in
737 2723 870 2752 anno
906 2708 1340 2769 promovebantur
1377 2709 1596 2756 baculari
1634 2715 1686 2756 et
1722 2725 1920 2772 semper
1948 2723 2038 2770 pro

445 2789 546 2819 una
594 2772 703 2819 vice
751 2779 870 2820 sunt
918 2773 1184 2837 sexagnita
1232 2782 1322 2822 aut
1370 2776 1757 2839 quinquaginta.
1832 2775 1905 2822 Et
1952 2773 2038 2821 illo

492 2887 519 2905 ³¹¹
535 2890 645 2930 Jbrm.
664 2893 695 2921 ot
714 2894 794 2922 mal.
807 2901 818 2923 :
837 2890 899 2923 the
913 2890 1047 2923 former
1061 2889 1209 2933 dealing
1326 2892 1352 2907 ³¹³
1382 2895 1486 2926 Par-r.
1504 2896 1565 2937 loy.
1579 2906 1590 2927 .·
1609 2895 1628 2926 i.
1652 2893 1706 2936 17,
1727 2905 1760 2926 ιι.

446 2936 531 2968 with
559 2936 621 2969 tho
648 2940 727 2969 text
752 2937 794 2969 of
815 2937 877 2970 the
904 2937 1021 2970 works
1047 2938 1206 2978 studied,

773 2984 778 2989 ,
1148 2985 1154 2991 ,
1323 2950 1348 2967 ·”·”
1381 2954 1534 2986 Partem:
1552 2955 1605 2986 Le.
1629 2952 1691 2986 the
1715 2953 1920 2985 Dor-trinam.

445 2983 515 3015 and
532 2983 596 3015 the
615 2982 725 3016 latter
738 2983 823 3016 w1th
840 2984 902 3017 tlw
917 2989 1206 3018 commentar-ies.

1323 3008 1348 3024 :‹.·.
1403 3011 1408 3018 ,
1429 3022 1431 3025 v
1498 3012 1503 3017 .
1594 3012 1601 3019 ,
1667 3011 1673 3016 .

493 3029 520 3045 ‘¹³¹
550 3031 638 3062 l’utr.
659 3032 769 3071 llis-p„-
789 3031 807 3063 i.
828 3031 880 3072 ll,
898 3043 931 3064 η.
946 3031 1111 3072 (observe
1126 3032 1208 3064 that
1381 3011 1528 3074 ''¹2¹“'7‘ms'
1580 3010 1648 3043 §ee
1666 3022 1686 3043 ¹·
1706 3009 1764 3051 ἔλθ’
1784 3021 1817 3043 ⁷²·

446 3075 502 3109 his
524 3076 617 3109 book
644 3077 672 3108 is
700 3076 786 3110 here
812 3077 1085 3111 ‹liscriminated
1112 3078 1206 3111 from
1325 3070 1350 3082 ’ὼ
1378 3069 1532 3101 ΝΙΗῘῘΙΟΝ·
1585 3068 1651 3101 3⁰0
1670 3080 1690 3100 ¹·
1711 3067 1745 3109 7³
1765 3079 1798 3102 ⁷1·

446 3123 509 3156 the
528 3122 741 3166 following).
1326 3124 1352 3141 '¹²
1370 3138 1439 3158 sur.
1492 3128 1560 3168 Sir,
1582 3127 1617 3159 in
1640 3123 1715 3170 [lr)].

1209 3188 1305 3229 228
