<?xml version="1.0" encoding="UTF-8"?>
<!DOCTYPE html PUBLIC "-//W3C//DTD XHTML 1.0 Transitional//EN"
    "http://www.w3.org/TR/xhtml1/DTD/xhtml1-transitional.dtd">
<html xmlns="http://www.w3.org/1999/xhtml" xml:lang="en" lang="en">
 <head>
  <title>
</title>
<meta http-equiv="Content-Type" content="text/html;charset=utf-8" />
  <meta name='ocr-system' content='tesseract 3.04.00' />
  <meta name='ocr-capabilities' content='ocr_page ocr_carea ocr_par ocr_line ocrx_word'/>
</head>
<body>
  <div class='ocr_page' id='page_1' title='image "./epistolaeobscuro00huttuoft_0354.png"; bbox 0 0 2247 3637; ppageno 0'>
   <div class='ocr_carea' id='block_1_1' title="bbox 326 1593 364 1622">
    <p class='ocr_par' dir='ltr' id='par_1_1' title="bbox 326 1593 364 1622">
     <span class='ocr_line' id='line_1_1' title="bbox 326 1593 364 1622; baseline 0.026 -1"><span class='ocrx_word' id='word_1_1' title='bbox 326 1593 364 1622; x_wconf 81' lang='lat'>10</span> 
     </span>
    </p>
   </div>
   <div class='ocr_carea' id='block_1_2' title="bbox 326 2320 364 2350">
    <p class='ocr_par' dir='ltr' id='par_1_2' title="bbox 326 2320 364 2350">
     <span class='ocr_line' id='line_1_2' title="bbox 326 2320 364 2350; baseline -0.026 0"><span class='ocrx_word' id='word_1_2' title='bbox 326 2320 364 2350; x_wconf 72' lang='lat'>20</span> 
     </span>
    </p>
   </div>
   <div class='ocr_carea' id='block_1_3' title="bbox 404 249 1989 313">
    <p class='ocr_par' dir='ltr' id='par_1_3' title="bbox 404 249 1989 313">
     <span class='ocr_line' id='line_1_3' title="bbox 404 249 1989 313; baseline -0.006 0"><span class='ocrx_word' id='word_1_3' title='bbox 404 254 875 313; x_wconf 85' lang='lat' dir='ltr'><strong>EPISTOLAE</strong></span> <span class='ocrx_word' id='word_1_4' title='bbox 934 251 1525 311; x_wconf 82' lang='lat' dir='ltr'>OBSCURORUM</span> <span class='ocrx_word' id='word_1_5' title='bbox 1578 249 1989 306; x_wconf 81' lang='lat' dir='ltr'>VIRORUM</span> 
     </span>
    </p>
   </div>
   <div class='ocr_carea' id='block_1_4' title="bbox 399 360 1993 616">
    <p class='ocr_par' dir='ltr' id='par_1_4' title="bbox 399 360 1993 616">
     <span class='ocr_line' id='line_1_4' title="bbox 401 360 1992 429; baseline -0.005 -15"><span class='ocrx_word' id='word_1_6' title='bbox 401 383 503 414; x_wconf 91' lang='lat' dir='ltr'>non</span> <span class='ocrx_word' id='word_1_7' title='bbox 550 366 745 414; x_wconf 83' lang='lat' dir='ltr'>faciunt</span> <span class='ocrx_word' id='word_1_8' title='bbox 792 381 990 429; x_wconf 89' lang='lat' dir='ltr'>pueros.</span> <span class='ocrx_word' id='word_1_9' title='bbox 1065 363 1165 411; x_wconf 92' lang='lat' dir='ltr'>Sed</span> <span class='ocrx_word' id='word_1_10' title='bbox 1212 363 1293 410; x_wconf 80' lang='lat' dir='ltr'>hie</span> <span class='ocrx_word' id='word_1_11' title='bbox 1342 361 1503 410; x_wconf 87' lang='lat' dir='ltr'>habeo</span> <span class='ocrx_word' id='word_1_12' title='bbox 1550 376 1716 423; x_wconf 86' lang='lat' dir='ltr'>neque</span> <span class='ocrx_word' id='word_1_13' title='bbox 1759 360 1992 423; x_wconf 83' lang='lat' dir='ltr'>antiquas</span> 
     </span>
     <span class='ocr_line' id='line_1_5' title="bbox 400 426 1993 498; baseline -0.004 -17"><span class='ocrx_word' id='word_1_14' title='bbox 400 449 568 498; x_wconf 89' lang='lat' dir='ltr'>neque</span> <span class='ocrx_word' id='word_1_15' title='bbox 622 449 808 480; x_wconf 80' lang='lat' dir='ltr'>novas:</span> <span class='ocrx_word' id='word_1_16' title='bbox 870 447 990 495; x_wconf 83' lang='lat' dir='ltr'>ergo</span> <span class='ocrx_word' id='word_1_17' title='bbox 1038 431 1153 478; x_wconf 86' lang='lat' dir='ltr'>volo</span> <span class='ocrx_word' id='word_1_18' title='bbox 1201 430 1361 478; x_wconf 91' lang='lat' dir='ltr'>redire</span> <span class='ocrx_word' id='word_1_19' title='bbox 1413 429 1465 476; x_wconf 92' lang='lat' dir='ltr'>in</span> <span class='ocrx_word' id='word_1_20' title='bbox 1513 426 1813 474; x_wconf 85' lang='lat' dir='ltr'>Almaniam</span> <span class='ocrx_word' id='word_1_21' title='bbox 1860 427 1993 475; x_wconf 82' lang='lat' dir='ltr'>sicut</span> 
     </span>
     <span class='ocr_line' id='line_1_6' title="bbox 399 493 1993 564; baseline -0.005 -16"><span class='ocrx_word' id='word_1_22' title='bbox 399 517 558 564; x_wconf 81' lang='lat' dir='ltr'>spem.</span> <span class='ocrx_word' id='word_1_23' title='bbox 646 499 828 547; x_wconf 90' lang='lat' dir='ltr'>Valete</span> <span class='ocrx_word' id='word_1_24' title='bbox 874 505 983 546; x_wconf 87' lang='lat' dir='ltr'>tam</span> <span class='ocrx_word' id='word_1_25' title='bbox 1033 497 1118 544; x_wconf 90' lang='lat' dir='ltr'>diu</span> <span class='ocrx_word' id='word_1_26' title='bbox 1166 497 1326 545; x_wconf 85' lang='lat' dir='ltr'>donee</span> <span class='ocrx_word' id='word_1_27' title='bbox 1375 512 1477 543; x_wconf 86' lang='lat' dir='ltr'>una</span> <span class='ocrx_word' id='word_1_28' title='bbox 1523 494 1704 541; x_wconf 81' lang='lat' dir='ltr'>alauda</span> <span class='ocrx_word' id='word_1_29' title='bbox 1745 493 1993 559; x_wconf 87' lang='lat' dir='ltr'>ponderat</span> 
     </span>
     <span class='ocr_line' id='line_1_7' title="bbox 401 567 923 616; baseline -0.002 -2"><span class='ocrx_word' id='word_1_30' title='bbox 401 568 442 614; x_wconf 91' lang='lat' dir='ltr'>C</span> <span class='ocrx_word' id='word_1_31' title='bbox 481 568 686 616; x_wconf 87' lang='lat' dir='ltr'>talenta.</span> <span class='ocrx_word' id='word_1_32' title='bbox 761 567 829 613; x_wconf 92' lang='lat' dir='ltr'>D.</span> <span class='ocrx_word' id='word_1_33' title='bbox 859 567 923 613; x_wconf 86' lang='lat' dir='ltr'>R.</span> 
     </span>
    </p>
   </div>
   <div class='ocr_carea' id='block_1_5' title="bbox 1146 765 1253 813">
    <p class='ocr_par' dir='ltr' id='par_1_5' title="bbox 1146 765 1253 813">
     <span class='ocr_line' id='line_1_8' title="bbox 1146 765 1253 813; baseline -0.009 0"><span class='ocrx_word' id='word_1_34' title='bbox 1146 765 1253 813; x_wconf 86' lang='lat' dir='ltr'>XL</span> 
     </span>
    </p>
   </div>
   <div class='ocr_carea' id='block_1_6' title="bbox 535 899 1858 1018">
    <p class='ocr_par' dir='ltr' id='par_1_6' title="bbox 535 899 1858 1018">
     <span class='ocr_line' id='line_1_9' title="bbox 535 899 1858 963; baseline -0.005 -10"><span class='ocrx_word' id='word_1_35' title='bbox 535 906 597 953; x_wconf 73' lang='lat' dir='ltr'>(I</span> <span class='ocrx_word' id='word_1_36' title='bbox 657 905 735 952; x_wconf 78' lang='lat' dir='ltr'>M.</span> <span class='ocrx_word' id='word_1_37' title='bbox 800 904 835 950; x_wconf 91' lang='lat' dir='ltr'><em>I</em></span> <span class='ocrx_word' id='word_1_38' title='bbox 838 904 1006 951; x_wconf 74' lang='lat' dir='ltr'>OHA</span> <span class='ocrx_word' id='word_1_39' title='bbox 1018 903 1239 950; x_wconf 78' lang='lat' dir='ltr'><em>NNES</em></span> <span class='ocrx_word' id='word_1_40' title='bbox 1296 900 1554 950; x_wconf 69' lang='lat' dir='ltr'><em>CRAPP</em></span> <span class='ocrx_word' id='word_1_41' title='bbox 1599 899 1858 963; x_wconf 67' lang='lat' dir='ltr'>Dlagistro</span> 
     </span>
     <span class='ocr_line' id='line_1_10' title="bbox 845 966 1546 1018; baseline -0.007 0"><span class='ocrx_word' id='word_1_42' title='bbox 845 970 1058 1018; x_wconf 72' lang='lat' dir='ltr'>Ortvino</span> <span class='ocrx_word' id='word_1_43' title='bbox 1099 970 1286 1017; x_wconf 72' lang='lat' dir='ltr'>Grati0</span> <span class='ocrx_word' id='word_1_44' title='bbox 1324 966 1546 1015; x_wconf 67' lang='lat' dir='ltr'>Salutem</span> 
     </span>
    </p>
   </div>
   <div class='ocr_carea' id='block_1_7' title="bbox 398 1099 1993 1907">
    <p class='ocr_par' dir='ltr' id='par_1_7' title="bbox 431 1099 1990 1166">
     <span class='ocr_line' id='line_1_11' title="bbox 431 1099 1990 1166; baseline -0.003 -15"><span class='ocrx_word' id='word_1_45' title='bbox 431 1107 746 1155; x_wconf 36' lang='lat' dir='ltr'>*CRIBIT</span> <span class='ocrx_word' id='word_1_46' title='bbox 811 1106 933 1154; x_wconf 84' lang='lat' dir='ltr'>mihi</span> <span class='ocrx_word' id='word_1_47' title='bbox 993 1104 1276 1153; x_wconf 79' lang='lat' dir='ltr'>dominatio</span> <span class='ocrx_word' id='word_1_48' title='bbox 1337 1109 1502 1150; x_wconf 80' lang='lat' dir='ltr'>vestra</span> <span class='ocrx_word' id='word_1_49' title='bbox 1565 1101 1785 1166; x_wconf 81' lang='lat' dir='ltr'>qualiter</span> <span class='ocrx_word' id='word_1_50' title='bbox 1845 1099 1990 1148; x_wconf 82' lang='lat' dir='ltr'>valde</span> 
     </span>
    </p>

    <p class='ocr_par' dir='ltr' id='par_1_8' title="bbox 398 1169 1993 1907">
     <span class='ocr_line' id='line_1_12' title="bbox 519 1169 1992 1239; baseline -0.005 -17"><span class='ocrx_word' id='word_1_51' title='bbox 519 1174 692 1239; x_wconf 85' lang='lat' dir='ltr'>gavisa</span> <span class='ocrx_word' id='word_1_52' title='bbox 724 1180 802 1221; x_wconf 88' lang='lat' dir='ltr'>est</span> <span class='ocrx_word' id='word_1_53' title='bbox 833 1173 896 1221; x_wconf 90' lang='lat' dir='ltr'>de</span> <span class='ocrx_word' id='word_1_54' title='bbox 933 1172 1167 1237; x_wconf 74' lang='lat' dir='ltr'>Epistola</span> <span class='ocrx_word' id='word_1_55' title='bbox 1200 1188 1314 1218; x_wconf 87' lang='lat' dir='ltr'>mea</span> <span class='ocrx_word' id='word_1_56' title='bbox 1351 1169 1626 1218; x_wconf 87' lang='lat' dir='ltr'>Carminali</span> <span class='ocrx_word' id='word_1_57' title='bbox 1661 1184 1821 1233; x_wconf 88' lang='lat' dir='ltr'>nuper</span> <span class='ocrx_word' id='word_1_58' title='bbox 1859 1184 1992 1215; x_wconf 80' lang='lat' dir='ltr'>eom-</span> 
     </span>
     <span class='ocr_line' id='line_1_13' title="bbox 399 1235 1991 1305; baseline -0.005 -16"><span class='ocrx_word' id='word_1_59' title='bbox 399 1241 571 1305; x_wconf 87' lang='lat' dir='ltr'>pilata,</span> <span class='ocrx_word' id='word_1_60' title='bbox 610 1248 662 1289; x_wconf 87' lang='lat' dir='ltr'>et</span> <span class='ocrx_word' id='word_1_61' title='bbox 698 1240 911 1288; x_wconf 80' lang='lat' dir='ltr'>scribitis</span> <span class='ocrx_word' id='word_1_62' title='bbox 946 1240 1085 1303; x_wconf 87' lang='lat' dir='ltr'>quod</span> <span class='ocrx_word' id='word_1_63' title='bbox 1124 1239 1207 1286; x_wconf 82' lang='lat' dir='ltr'>vix</span> <span class='ocrx_word' id='word_1_64' title='bbox 1246 1237 1438 1285; x_wconf 73' lang='lat' dir='ltr'>vidistis</span> <span class='ocrx_word' id='word_1_65' title='bbox 1476 1236 1723 1284; x_wconf 81' lang='lat' dir='ltr'>similem:</span> <span class='ocrx_word' id='word_1_66' title='bbox 1771 1241 1824 1283; x_wconf 87' lang='lat' dir='ltr'>et</span> <span class='ocrx_word' id='word_1_67' title='bbox 1860 1235 1991 1282; x_wconf 84' lang='lat' dir='ltr'>sieut</span> 
     </span>
     <span class='ocr_line' id='line_1_14' title="bbox 398 1302 1988 1372; baseline -0.004 -16"><span class='ocrx_word' id='word_1_68' title='bbox 398 1309 630 1372; x_wconf 82' lang='lat' dir='ltr'>intelligo</span> <span class='ocrx_word' id='word_1_69' title='bbox 666 1308 822 1356; x_wconf 87' lang='lat' dir='ltr'>vultis</span> <span class='ocrx_word' id='word_1_70' title='bbox 859 1308 997 1371; x_wconf 92' lang='lat' dir='ltr'>quod</span> <span class='ocrx_word' id='word_1_71' title='bbox 1034 1322 1232 1371; x_wconf 84' lang='lat' dir='ltr'>semper</span> <span class='ocrx_word' id='word_1_72' title='bbox 1267 1306 1340 1353; x_wconf 86' lang='lat' dir='ltr'>ita</span> <span class='ocrx_word' id='word_1_73' title='bbox 1375 1305 1536 1352; x_wconf 87' lang='lat' dir='ltr'>debeo</span> <span class='ocrx_word' id='word_1_74' title='bbox 1576 1304 1719 1351; x_wconf 86' lang='lat' dir='ltr'>vobis</span> <span class='ocrx_word' id='word_1_75' title='bbox 1761 1302 1988 1350; x_wconf 82' lang='lat' dir='ltr'>scribere.</span> 
     </span>
     <span class='ocr_line' id='line_1_15' title="bbox 401 1369 1993 1438; baseline -0.005 -14"><span class='ocrx_word' id='word_1_76' title='bbox 401 1375 500 1424; x_wconf 88' lang='lat' dir='ltr'>Sed</span> <span class='ocrx_word' id='word_1_77' title='bbox 526 1376 640 1424; x_wconf 86' lang='lat' dir='ltr'>dieo</span> <span class='ocrx_word' id='word_1_78' title='bbox 666 1375 823 1431; x_wconf 83' lang='lat' dir='ltr'>vobis,</span> <span class='ocrx_word' id='word_1_79' title='bbox 850 1375 981 1422; x_wconf 82' lang='lat' dir='ltr'>sieut</span> <span class='ocrx_word' id='word_1_80' title='bbox 1005 1373 1160 1421; x_wconf 85' lang='lat' dir='ltr'>etiam</span> <span class='ocrx_word' id='word_1_81' title='bbox 1186 1374 1291 1438; x_wconf 86' lang='lat' dir='ltr'>ipse</span> <span class='ocrx_word' id='word_1_82' title='bbox 1314 1378 1422 1419; x_wconf 88' lang='lat' dir='ltr'>met</span> <span class='ocrx_word' id='word_1_83' title='bbox 1446 1370 1597 1427; x_wconf 80' lang='lat' dir='ltr'>scitis,</span> <span class='ocrx_word' id='word_1_84' title='bbox 1623 1369 1762 1434; x_wconf 88' lang='lat' dir='ltr'>quod</span> <span class='ocrx_word' id='word_1_85' title='bbox 1787 1386 1889 1417; x_wconf 91' lang='lat' dir='ltr'>non</span> <span class='ocrx_word' id='word_1_86' title='bbox 1915 1374 1993 1417; x_wconf 87' lang='lat' dir='ltr'>est</span> 
     </span>
     <span class='ocr_line' id='line_1_16' title="bbox 399 1435 1992 1508; baseline -0.004 -18"><span class='ocrx_word' id='word_1_87' title='bbox 399 1443 635 1508; x_wconf 85' lang='lat' dir='ltr'>possibile</span> <span class='ocrx_word' id='word_1_88' title='bbox 671 1443 809 1506; x_wconf 91' lang='lat' dir='ltr'>quod</span> <span class='ocrx_word' id='word_1_89' title='bbox 846 1459 977 1490; x_wconf 89' lang='lat' dir='ltr'>unus</span> <span class='ocrx_word' id='word_1_90' title='bbox 1014 1458 1212 1505; x_wconf 83' lang='lat' dir='ltr'>semper</span> <span class='ocrx_word' id='word_1_91' title='bbox 1248 1439 1371 1487; x_wconf 86' lang='lat' dir='ltr'>facit</span> <span class='ocrx_word' id='word_1_92' title='bbox 1408 1439 1643 1486; x_wconf 83' lang='lat' dir='ltr'>carmina.</span> <span class='ocrx_word' id='word_1_93' title='bbox 1718 1437 1825 1485; x_wconf 87' lang='lat' dir='ltr'>Vos</span> <span class='ocrx_word' id='word_1_94' title='bbox 1863 1435 1992 1484; x_wconf 87' lang='lat' dir='ltr'>bene</span> 
     </span>
     <span class='ocr_line' id='line_1_17' title="bbox 398 1503 1993 1573; baseline -0.004 -16"><span class='ocrx_word' id='word_1_95' title='bbox 398 1509 535 1559; x_wconf 81' lang='lat' dir='ltr'>scitis</span> <span class='ocrx_word' id='word_1_96' title='bbox 574 1510 637 1558; x_wconf 94' lang='lat' dir='ltr'>de</span> <span class='ocrx_word' id='word_1_97' title='bbox 676 1510 834 1563; x_wconf 81' lang='lat' dir='ltr'>vobis,</span> <span class='ocrx_word' id='word_1_98' title='bbox 871 1508 1103 1573; x_wconf 87' lang='lat' dir='ltr'>quamvis</span> <span class='ocrx_word' id='word_1_99' title='bbox 1139 1506 1258 1556; x_wconf 86' lang='lat' dir='ltr'>estis</span> <span class='ocrx_word' id='word_1_100' title='bbox 1294 1506 1440 1553; x_wconf 84' lang='lat' dir='ltr'>valde</span> <span class='ocrx_word' id='word_1_101' title='bbox 1476 1505 1725 1552; x_wconf 78' lang='lat' dir='ltr'>facundus</span> <span class='ocrx_word' id='word_1_102' title='bbox 1762 1510 1814 1552; x_wconf 90' lang='lat' dir='ltr'>et</span> <span class='ocrx_word' id='word_1_103' title='bbox 1856 1503 1993 1551; x_wconf 82' lang='lat' dir='ltr'>scitis</span> 
     </span>
     <span class='ocr_line' id='line_1_18' title="bbox 398 1571 1992 1641; baseline -0.005 -16"><span class='ocrx_word' id='word_1_104' title='bbox 398 1576 562 1625; x_wconf 85' lang='lat' dir='ltr'>faeere</span> <span class='ocrx_word' id='word_1_105' title='bbox 603 1577 750 1641; x_wconf 89' lang='lat' dir='ltr'>plura</span> <span class='ocrx_word' id='word_1_106' title='bbox 791 1583 967 1624; x_wconf 87' lang='lat' dir='ltr'>metra.</span> <span class='ocrx_word' id='word_1_107' title='bbox 1056 1576 1137 1622; x_wconf 76' lang='grc' dir='ltr'>Τῆ</span> <span class='ocrx_word' id='word_1_108' title='bbox 1182 1583 1334 1621; x_wconf 90' lang='lat' dir='ltr'>“non</span> <span class='ocrx_word' id='word_1_109' title='bbox 1371 1590 1568 1637; x_wconf 86' lang='lat' dir='ltr'>semper</span> <span class='ocrx_word' id='word_1_110' title='bbox 1603 1572 1821 1627; x_wconf 79' lang='lat' dir='ltr'>oleum‚”</span> <span class='ocrx_word' id='word_1_111' title='bbox 1860 1571 1992 1618; x_wconf 86' lang='lat' dir='ltr'>sieut</span> 
     </span>
     <span class='ocr_line' id='line_1_19' title="bbox 399 1637 1992 1704; baseline -0.005 -12"><span class='ocrx_word' id='word_1_112' title='bbox 399 1644 742 1692; x_wconf 81' lang='lat' dir='ltr'>communiter</span> <span class='ocrx_word' id='word_1_113' title='bbox 779 1644 987 1691; x_wconf 88' lang='lat' dir='ltr'>dicunt:</span> <span class='ocrx_word' id='word_1_114' title='bbox 1040 1649 1093 1690; x_wconf 90' lang='lat' dir='ltr'>et</span> <span class='ocrx_word' id='word_1_115' title='bbox 1134 1640 1408 1704; x_wconf 86' lang='lat' dir='ltr'>aliquando</span> <span class='ocrx_word' id='word_1_116' title='bbox 1449 1640 1568 1687; x_wconf 82' lang='lat' dir='ltr'>estis</span> <span class='ocrx_word' id='word_1_117' title='bbox 1604 1639 1893 1686; x_wconf 81' lang='lat' dir='ltr'>luxuriosus</span> <span class='ocrx_word' id='word_1_118' title='bbox 1929 1637 1992 1684; x_wconf 91' lang='lat' dir='ltr'>ad</span> 
     </span>
     <span class='ocr_line' id='line_1_20' title="bbox 398 1705 1992 1774; baseline -0.005 -15"><span class='ocrx_word' id='word_1_119' title='bbox 398 1718 576 1768; x_wconf 89' lang='lat' dir='ltr'>metra,</span> <span class='ocrx_word' id='word_1_120' title='bbox 614 1711 887 1774; x_wconf 87' lang='lat' dir='ltr'>aliquando</span> <span class='ocrx_word' id='word_1_121' title='bbox 923 1711 986 1757; x_wconf 90' lang='lat' dir='ltr'>ad</span> <span class='ocrx_word' id='word_1_122' title='bbox 1024 1726 1208 1774; x_wconf 80' lang='lat' dir='ltr'>prosas.</span> <span class='ocrx_word' id='word_1_123' title='bbox 1281 1707 1354 1754; x_wconf 89' lang='lat' dir='ltr'>Et</span> <span class='ocrx_word' id='word_1_124' title='bbox 1391 1707 1624 1755; x_wconf 82' lang='lat' dir='ltr'>recordor</span> <span class='ocrx_word' id='word_1_125' title='bbox 1660 1707 1798 1770; x_wconf 85' lang='lat' dir='ltr'>quod</span> <span class='ocrx_word' id='word_1_126' title='bbox 1834 1705 1992 1753; x_wconf 85' lang='lat' dir='ltr'>semel</span> 
     </span>
     <span class='ocr_line' id='line_1_21' title="bbox 398 1772 1992 1835; baseline -0.004 -9"><span class='ocrx_word' id='word_1_127' title='bbox 398 1779 504 1826; x_wconf 85' lang='lat' dir='ltr'>dixi</span> <span class='ocrx_word' id='word_1_128' title='bbox 530 1779 672 1826; x_wconf 86' lang='lat' dir='ltr'>vobis</span> <span class='ocrx_word' id='word_1_129' title='bbox 698 1777 941 1826; x_wconf 88' lang='lat' dir='ltr'>Coloniae</span> <span class='ocrx_word' id='word_1_130' title='bbox 968 1785 996 1803; x_wconf 77' lang='lat'>‘⁴</span> <span class='ocrx_word' id='word_1_131' title='bbox 1015 1777 1083 1824; x_wconf 90' lang='lat' dir='ltr'>D.</span> <span class='ocrx_word' id='word_1_132' title='bbox 1104 1777 1210 1831; x_wconf 88' lang='lat' dir='ltr'>Or.‚</span> <span class='ocrx_word' id='word_1_133' title='bbox 1232 1774 1426 1822; x_wconf 79' lang='lat' dir='ltr'>faciatis</span> <span class='ocrx_word' id='word_1_134' title='bbox 1447 1774 1569 1822; x_wconf 84' lang='lat' dir='ltr'>mihi</span> <span class='ocrx_word' id='word_1_135' title='bbox 1589 1780 1763 1822; x_wconf 86' lang='lat' dir='ltr'>tamen</span> <span class='ocrx_word' id='word_1_136' title='bbox 1785 1772 1992 1835; x_wconf 86' lang='lat' dir='ltr'>aliquod</span> 
     </span>
     <span class='ocr_line' id='line_1_22' title="bbox 400 1839 1992 1907; baseline -0.005 -13"><span class='ocrx_word' id='word_1_137' title='bbox 400 1847 621 1894; x_wconf 89' lang='lat' dir='ltr'>Carmen</span> <span class='ocrx_word' id='word_1_138' title='bbox 674 1845 990 1899; x_wconf 82' lang='lat' dir='ltr'>metricum‚”</span> <span class='ocrx_word' id='word_1_139' title='bbox 1032 1842 1387 1907; x_wconf 78' lang='lat' dir='ltr'>Respondistis</span> <span class='ocrx_word' id='word_1_140' title='bbox 1446 1841 1570 1888; x_wconf 86' lang='lat' dir='ltr'>mihi</span> <span class='ocrx_word' id='word_1_141' title='bbox 1620 1849 1768 1888; x_wconf 88' lang='lat' dir='ltr'>“non</span> <span class='ocrx_word' id='word_1_142' title='bbox 1827 1839 1992 1887; x_wconf 88' lang='lat' dir='ltr'>habeo</span> 
     </span>
    </p>
   </div>
   <div class='ocr_carea' id='block_1_8' title="bbox 348 1907 1993 1978">
    <p class='ocr_par' dir='ltr' id='par_1_9' title="bbox 348 1907 1993 1978">
     <span class='ocr_line' id='line_1_23' title="bbox 348 1907 1993 1978; baseline -0.004 -19"><span class='ocrx_word' id='word_1_143' title='bbox 348 1932 364 1959; x_wconf 58' lang='grc' dir='ltr'>ς</span> <span class='ocrx_word' id='word_1_144' title='bbox 399 1929 629 1978; x_wconf 84' lang='lat' dir='ltr'>pronunc</span> <span class='ocrx_word' id='word_1_145' title='bbox 666 1912 1013 1977; x_wconf 84' lang='lat' dir='ltr'>Apollinem,”</span> <span class='ocrx_word' id='word_1_146' title='bbox 1041 1910 1114 1957; x_wconf 88' lang='lat' dir='ltr'>Et</span> <span class='ocrx_word' id='word_1_147' title='bbox 1150 1910 1349 1957; x_wconf 77' lang='lat' dir='ltr'>dixistis</span> <span class='ocrx_word' id='word_1_148' title='bbox 1386 1909 1509 1956; x_wconf 88' lang='lat' dir='ltr'>mihi</span> <span class='ocrx_word' id='word_1_149' title='bbox 1546 1908 1682 1972; x_wconf 87' lang='lat' dir='ltr'>quod</span> <span class='ocrx_word' id='word_1_150' title='bbox 1719 1907 1993 1970; x_wconf 87' lang='lat' dir='ltr'>aliquando</span> 
     </span>
    </p>
   </div>
   <div class='ocr_carea' id='block_1_9' title="bbox 399 1976 1993 2111">
    <p class='ocr_par' dir='ltr' id='par_1_10' title="bbox 399 1976 1993 2111">
     <span class='ocr_line' id='line_1_24' title="bbox 399 1976 1992 2043; baseline -0.004 -16"><span class='ocrx_word' id='word_1_151' title='bbox 399 1980 450 2027; x_wconf 91' lang='lat' dir='ltr'>in</span> <span class='ocrx_word' id='word_1_152' title='bbox 479 1981 532 2027; x_wconf 82' lang='lat' dir='ltr'>X</span> <span class='ocrx_word' id='word_1_153' title='bbox 553 1980 731 2027; x_wconf 87' lang='lat' dir='ltr'>diebus</span> <span class='ocrx_word' id='word_1_154' title='bbox 758 1979 841 2027; x_wconf 87' lang='lat' dir='ltr'>vix</span> <span class='ocrx_word' id='word_1_155' title='bbox 867 1977 1080 2043; x_wconf 88' lang='lat' dir='ltr'>potestis</span> <span class='ocrx_word' id='word_1_156' title='bbox 1111 1977 1275 2025; x_wconf 84' lang='lat' dir='ltr'>faeere</span> <span class='ocrx_word' id='word_1_157' title='bbox 1306 1992 1468 2023; x_wconf 88' lang='lat' dir='ltr'>unum</span> <span class='ocrx_word' id='word_1_158' title='bbox 1507 1976 1700 2022; x_wconf 90' lang='lat' dir='ltr'>bonum</span> <span class='ocrx_word' id='word_1_159' title='bbox 1737 1981 1992 2022; x_wconf 87' lang='lat' dir='ltr'>metrum:</span> 
     </span>
     <span class='ocr_line' id='line_1_25' title="bbox 399 2041 1993 2111; baseline -0.004 -17"><span class='ocrx_word' id='word_1_160' title='bbox 399 2047 518 2110; x_wconf 90' lang='lat' dir='ltr'>quia</span> <span class='ocrx_word' id='word_1_161' title='bbox 542 2048 651 2095; x_wconf 87' lang='lat' dir='ltr'>Aer</span> <span class='ocrx_word' id='word_1_162' title='bbox 667 2063 769 2095; x_wconf 92' lang='lat' dir='ltr'>non</span> <span class='ocrx_word' id='word_1_163' title='bbox 794 2046 988 2111; x_wconf 87' lang='lat' dir='ltr'>patitur</span> <span class='ocrx_word' id='word_1_164' title='bbox 1012 2044 1086 2092; x_wconf 87' lang='lat' dir='ltr'>Et</span> <span class='ocrx_word' id='word_1_165' title='bbox 1104 2049 1308 2109; x_wconf 88' lang='lat' dir='ltr'>oportet</span> <span class='ocrx_word' id='word_1_166' title='bbox 1332 2048 1600 2108; x_wconf 81' lang='lat' dir='ltr'>expectare</span> <span class='ocrx_word' id='word_1_167' title='bbox 1619 2048 1839 2106; x_wconf 85' lang='lat' dir='ltr'>tempus,</span> <span class='ocrx_word' id='word_1_168' title='bbox 1857 2041 1993 2088; x_wconf 89' lang='lat' dir='ltr'>unde</span> 
     </span>
    </p>
   </div>
   <div class='ocr_carea' id='block_1_10' title="bbox 403 2113 617 2161">
    <p class='ocr_par' dir='ltr' id='par_1_11' title="bbox 403 2113 617 2161">
     <span class='ocr_line' id='line_1_26' title="bbox 403 2113 617 2161; baseline 0 0"><span class='ocrx_word' id='word_1_169' title='bbox 403 2113 617 2161; x_wconf 87' lang='lat' dir='ltr'>Ovidius</span> 
     </span>
    </p>
   </div>
   <div class='ocr_carea' id='block_1_11' title="bbox 659 2201 1730 2252">
    <p class='ocr_par' dir='ltr' id='par_1_12' title="bbox 659 2201 1730 2252">
     <span class='ocr_line' id='line_1_27' title="bbox 659 2201 1730 2252; baseline -0.006 -12"><span class='ocrx_word' id='word_1_170' title='bbox 659 2203 860 2252; x_wconf 84' lang='lat' dir='ltr'>Tempora</span> <span class='ocrx_word' id='word_1_171' title='bbox 880 2202 1083 2248; x_wconf 81' lang='lat' dir='ltr'>labuntur,</span> <span class='ocrx_word' id='word_1_172' title='bbox 1106 2203 1318 2249; x_wconf 80' lang='lat' dir='ltr'>tacitisque</span> <span class='ocrx_word' id='word_1_173' title='bbox 1340 2201 1583 2237; x_wconf 86' lang='lat' dir='ltr'>senescimus</span> <span class='ocrx_word' id='word_1_174' title='bbox 1603 2201 1730 2235; x_wconf 84' lang='lat' dir='ltr'>annis.</span> 
     </span>
    </p>
   </div>
   <div class='ocr_carea' id='block_1_12' title="bbox 399 2300 1995 2640">
    <p class='ocr_par' dir='ltr' id='par_1_13' title="bbox 399 2300 1995 2640">
     <span class='ocr_line' id='line_1_28' title="bbox 400 2300 1995 2370; baseline -0.004 -16"><span class='ocrx_word' id='word_1_175' title='bbox 400 2306 541 2370; x_wconf 85' lang='lat' dir='ltr'>Ergo</span> <span class='ocrx_word' id='word_1_176' title='bbox 566 2305 770 2370; x_wconf 84' lang='lat' dir='ltr'>quando</span> <span class='ocrx_word' id='word_1_177' title='bbox 796 2304 951 2354; x_wconf 88' lang='lat' dir='ltr'>semel</span> <span class='ocrx_word' id='word_1_178' title='bbox 976 2304 1137 2351; x_wconf 88' lang='lat' dir='ltr'>habeo</span> <span class='ocrx_word' id='word_1_179' title='bbox 1163 2304 1357 2351; x_wconf 91' lang='lat' dir='ltr'>bonum</span> <span class='ocrx_word' id='word_1_180' title='bbox 1382 2302 1699 2366; x_wconf 87' lang='lat' dir='ltr'>Apollinem,</span> <span class='ocrx_word' id='word_1_181' title='bbox 1726 2308 1851 2349; x_wconf 83' lang='lat' dir='ltr'>tunc</span> <span class='ocrx_word' id='word_1_182' title='bbox 1878 2300 1995 2348; x_wconf 88' lang='lat' dir='ltr'>volo</span> 
     </span>
     <span class='ocr_line' id='line_1_29' title="bbox 400 2367 1993 2431; baseline -0.006 -9"><span class='ocrx_word' id='word_1_183' title='bbox 400 2375 590 2422; x_wconf 78' lang='lat' dir='ltr'>dictare</span> <span class='ocrx_word' id='word_1_184' title='bbox 615 2390 777 2421; x_wconf 85' lang='lat' dir='ltr'>unum</span> <span class='ocrx_word' id='word_1_185' title='bbox 803 2378 856 2421; x_wconf 85' lang='lat' dir='ltr'>et</span> <span class='ocrx_word' id='word_1_186' title='bbox 887 2371 1091 2419; x_wconf 88' lang='lat' dir='ltr'>mittere</span> <span class='ocrx_word' id='word_1_187' title='bbox 1117 2370 1287 2418; x_wconf 85' lang='lat' dir='ltr'>vobis:</span> <span class='ocrx_word' id='word_1_188' title='bbox 1326 2370 1427 2417; x_wconf 81' lang='lat' dir='ltr'>etia</span> <span class='ocrx_word' id='word_1_189' title='bbox 1452 2369 1667 2417; x_wconf 82' lang='lat' dir='ltr'>scribitis</span> <span class='ocrx_word' id='word_1_190' title='bbox 1699 2368 1825 2415; x_wconf 86' lang='lat' dir='ltr'>mihi</span> <span class='ocrx_word' id='word_1_191' title='bbox 1854 2367 1993 2431; x_wconf 85' lang='lat' dir='ltr'>quod</span> 
     </span>
     <span class='ocr_line' id='line_1_30' title="bbox 400 2434 1994 2500; baseline -0.006 -11"><span class='ocrx_word' id='word_1_192' title='bbox 400 2441 562 2489; x_wconf 92' lang='lat' dir='ltr'>debeo</span> <span class='ocrx_word' id='word_1_193' title='bbox 598 2439 740 2488; x_wconf 85' lang='lat' dir='ltr'>vobis</span> <span class='ocrx_word' id='word_1_194' title='bbox 783 2438 1016 2486; x_wconf 88' lang='lat' dir='ltr'>intimare</span> <span class='ocrx_word' id='word_1_195' title='bbox 1052 2437 1245 2500; x_wconf 82' lang='lat' dir='ltr'>aliquas</span> <span class='ocrx_word' id='word_1_196' title='bbox 1282 2436 1565 2492; x_wconf 84' lang='lat' dir='ltr'>novitates;</span> <span class='ocrx_word' id='word_1_197' title='bbox 1608 2436 1695 2484; x_wconf 86' lang='lat' dir='ltr'>sed</span> <span class='ocrx_word' id='word_1_198' title='bbox 1731 2434 1855 2482; x_wconf 90' lang='lat' dir='ltr'>nihil</span> <span class='ocrx_word' id='word_1_199' title='bbox 1891 2434 1994 2482; x_wconf 84' lang='lat' dir='ltr'>seio</span> 
     </span>
     <span class='ocr_line' id='line_1_31' title="bbox 399 2502 1993 2572; baseline -0.006 -16"><span class='ocrx_word' id='word_1_200' title='bbox 399 2508 494 2556; x_wconf 88' lang='lat' dir='ltr'>nisi</span> <span class='ocrx_word' id='word_1_201' title='bbox 518 2507 656 2572; x_wconf 90' lang='lat' dir='ltr'>quod</span> <span class='ocrx_word' id='word_1_202' title='bbox 682 2513 802 2555; x_wconf 87' lang='lat' dir='ltr'>sunt</span> <span class='ocrx_word' id='word_1_203' title='bbox 834 2506 914 2554; x_wconf 84' lang='lat' dir='ltr'>hic</span> <span class='ocrx_word' id='word_1_204' title='bbox 938 2511 1040 2553; x_wconf 86' lang='lat' dir='ltr'>tres</span> <span class='ocrx_word' id='word_1_205' title='bbox 1072 2505 1379 2552; x_wconf 84' lang='lat' dir='ltr'>excellentes</span> <span class='ocrx_word' id='word_1_206' title='bbox 1404 2503 1653 2566; x_wconf 84' lang='lat' dir='ltr'>Theologi</span> <span class='ocrx_word' id='word_1_207' title='bbox 1685 2502 1773 2565; x_wconf 90' lang='lat' dir='ltr'>qui</span> <span class='ocrx_word' id='word_1_208' title='bbox 1803 2502 1993 2549; x_wconf 85' lang='lat' dir='ltr'>habent</span> 
     </span>
     <span class='ocr_line' id='line_1_32' title="bbox 400 2569 1991 2640; baseline -0.005 -17"><span class='ocrx_word' id='word_1_209' title='bbox 400 2591 587 2640; x_wconf 85' lang='lat' dir='ltr'>magna</span> <span class='ocrx_word' id='word_1_210' title='bbox 616 2574 824 2622; x_wconf 90' lang='lat' dir='ltr'>nomina</span> <span class='ocrx_word' id='word_1_211' title='bbox 852 2573 983 2620; x_wconf 90' lang='lat' dir='ltr'>inter</span> <span class='ocrx_word' id='word_1_212' title='bbox 1008 2572 1258 2619; x_wconf 85' lang='lat' dir='ltr'>Almanos</span> <span class='ocrx_word' id='word_1_213' title='bbox 1290 2571 1362 2618; x_wconf 90' lang='lat' dir='ltr'>Et</span> <span class='ocrx_word' id='word_1_214' title='bbox 1397 2570 1594 2618; x_wconf 79' lang='lat' dir='ltr'>faciunt</span> <span class='ocrx_word' id='word_1_215' title='bbox 1623 2569 1767 2617; x_wconf 88' lang='lat' dir='ltr'>nobis</span> <span class='ocrx_word' id='word_1_216' title='bbox 1804 2569 1991 2615; x_wconf 84' lang='lat' dir='ltr'>bonam</span> 
     </span>
    </p>
   </div>
   <div class='ocr_carea' id='block_1_13' title="bbox 328 2637 1994 2702">
    <p class='ocr_par' dir='ltr' id='par_1_14' title="bbox 328 2637 1994 2702">
     <span class='ocr_line' id='line_1_33' title="bbox 328 2637 1994 2702; baseline -0.005 -11"><span class='ocrx_word' id='word_1_217' title='bbox 328 2654 363 2683; x_wconf 60' lang='grc' dir='ltr'>ἐ’</span> <span class='ocrx_word' id='word_1_218' title='bbox 400 2643 591 2690; x_wconf 87' lang='lat' dir='ltr'>famam</span> <span class='ocrx_word' id='word_1_219' title='bbox 624 2648 677 2690; x_wconf 91' lang='lat' dir='ltr'>et</span> <span class='ocrx_word' id='word_1_220' title='bbox 711 2640 1019 2688; x_wconf 79' lang='lat' dir='ltr'>laudabilem</span> <span class='ocrx_word' id='word_1_221' title='bbox 1056 2655 1143 2702; x_wconf 86' lang='lat' dir='ltr'>per</span> <span class='ocrx_word' id='word_1_222' title='bbox 1177 2645 1341 2686; x_wconf 84' lang='lat' dir='ltr'>totam</span> <span class='ocrx_word' id='word_1_223' title='bbox 1381 2637 1603 2685; x_wconf 85' lang='lat' dir='ltr'>Curiam.</span> <span class='ocrx_word' id='word_1_224' title='bbox 1678 2637 1825 2683; x_wconf 88' lang='lat' dir='ltr'>Duos</span> <span class='ocrx_word' id='word_1_225' title='bbox 1863 2637 1994 2683; x_wconf 85' lang='lat' dir='ltr'>forte</span> 
     </span>
    </p>
   </div>
   <div class='ocr_carea' id='block_1_14' title="bbox 399 2703 1993 2972">
    <p class='ocr_par' dir='ltr' id='par_1_15' title="bbox 399 2703 1993 2972">
     <span class='ocr_line' id='line_1_34' title="bbox 401 2703 1992 2769; baseline -0.004 -12"><span class='ocrx_word' id='word_1_226' title='bbox 401 2710 529 2757; x_wconf 88' lang='lat' dir='ltr'>bene</span> <span class='ocrx_word' id='word_1_227' title='bbox 550 2708 776 2763; x_wconf 85' lang='lat' dir='ltr'>novistis,</span> <span class='ocrx_word' id='word_1_228' title='bbox 798 2706 1159 2756; x_wconf 79' lang='lat' dir='ltr'>Reverendum</span> <span class='ocrx_word' id='word_1_229' title='bbox 1178 2712 1375 2769; x_wconf 84' lang='lat' dir='ltr'>patrem</span> <span class='ocrx_word' id='word_1_230' title='bbox 1396 2704 1663 2751; x_wconf 86' lang='lat' dir='ltr'>dominum</span> <span class='ocrx_word' id='word_1_231' title='bbox 1682 2703 1992 2767; x_wconf 77' lang='lat' dir='ltr'>Magistrum</span> 
     </span>
     <span class='ocr_line' id='line_1_35' title="bbox 399 2770 1992 2834; baseline -0.005 -10"><span class='ocrx_word' id='word_1_232' title='bbox 399 2782 632 2824; x_wconf 88' lang='lat' dir='ltr'>nostrum</span> <span class='ocrx_word' id='word_1_233' title='bbox 654 2776 901 2823; x_wconf 86' lang='lat' dir='ltr'>Iacobum</span> <span class='ocrx_word' id='word_1_234' title='bbox 926 2774 988 2821; x_wconf 91' lang='lat' dir='ltr'>de</span> <span class='ocrx_word' id='word_1_235' title='bbox 1013 2772 1377 2827; x_wconf 83' lang='lat' dir='ltr'>Hoehstraten,</span> <span class='ocrx_word' id='word_1_236' title='bbox 1397 2771 1553 2818; x_wconf 89' lang='lat' dir='ltr'>latine</span> <span class='ocrx_word' id='word_1_237' title='bbox 1579 2771 1642 2818; x_wconf 92' lang='lat' dir='ltr'>de</span> <span class='ocrx_word' id='word_1_238' title='bbox 1661 2770 1788 2817; x_wconf 86' lang='lat' dir='ltr'>Alta</span> <span class='ocrx_word' id='word_1_239' title='bbox 1807 2770 1992 2834; x_wconf 83' lang='lat' dir='ltr'>platea,</span> 
     </span>
     <span class='ocr_line' id='line_1_36' title="bbox 401 2837 1989 2904; baseline -0.005 -13"><span class='ocrx_word' id='word_1_240' title='bbox 401 2851 454 2891; x_wconf 91' lang='lat' dir='ltr'>et</span> <span class='ocrx_word' id='word_1_241' title='bbox 477 2844 524 2891; x_wconf 89' lang='lat' dir='ltr'>d.</span> <span class='ocrx_word' id='word_1_242' title='bbox 553 2860 617 2890; x_wconf 91' lang='lat' dir='ltr'>m.</span> <span class='ocrx_word' id='word_1_243' title='bbox 648 2860 693 2890; x_wconf 85' lang='lat' dir='ltr'>n.</span> <span class='ocrx_word' id='word_1_244' title='bbox 723 2844 938 2890; x_wconf 88' lang='lat' dir='ltr'>Petrum</span> <span class='ocrx_word' id='word_1_245' title='bbox 967 2840 1146 2904; x_wconf 77' lang='lat' dir='ltr'>Meyer</span> <span class='ocrx_word' id='word_1_246' title='bbox 1166 2839 1441 2902; x_wconf 84' lang='lat' dir='ltr'>plebanum</span> <span class='ocrx_word' id='word_1_247' title='bbox 1462 2837 1989 2885; x_wconf 81' lang='lat' dir='ltr'>Franckfordiensem.</span> 
     </span>
     <span class='ocr_line' id='line_1_37' title="bbox 402 2906 1993 2972; baseline -0.005 -14"><span class='ocrx_word' id='word_1_248' title='bbox 402 2911 606 2959; x_wconf 84' lang='lat' dir='ltr'>Tertius</span> <span class='ocrx_word' id='word_1_249' title='bbox 638 2916 716 2958; x_wconf 89' lang='lat' dir='ltr'>est</span> <span class='ocrx_word' id='word_1_250' title='bbox 745 2910 814 2957; x_wconf 86' lang='lat' dir='ltr'>D.</span> <span class='ocrx_word' id='word_1_251' title='bbox 848 2909 1039 2972; x_wconf 78' lang='lat' dir='ltr'>Caspai·</span> <span class='ocrx_word' id='word_1_252' title='bbox 1074 2906 1389 2970; x_wconf 82' lang='lat' dir='ltr'>praedicator</span> <span class='ocrx_word' id='word_1_253' title='bbox 1418 2922 1481 2954; x_wconf 78' lang='lat' dir='ltr'>ex</span> <span class='ocrx_word' id='word_1_254' title='bbox 1514 2906 1793 2969; x_wconf 86' lang='lat' dir='ltr'>Kempten,</span> <span class='ocrx_word' id='word_1_255' title='bbox 1824 2920 1993 2951; x_wconf 84' lang='lat' dir='ltr'>sacrae</span> 
     </span>
    </p>
   </div>
   <div class='ocr_carea' id='block_1_15' title="bbox 447 3024 1993 3166">
    <p class='ocr_par' dir='ltr' id='par_1_16' title="bbox 447 3024 1993 3166">
     <span class='ocr_line' id='line_1_38' title="bbox 448 3024 1458 3047; baseline -0.004 0"><span class='ocrx_word' id='word_1_256' title='bbox 448 3030 460 3047; x_wconf 78' lang='grc' dir='ltr'>ι</span> <span class='ocrx_word' id='word_1_257' title='bbox 504 3032 511 3041; x_wconf 65' lang='lat' dir='ltr'>v</span> <span class='ocrx_word' id='word_1_258' title='bbox 539 3033 545 3038; x_wconf 85' lang='lat'><em>-</em></span> <span class='ocrx_word' id='word_1_259' title='bbox 653 3032 658 3040; x_wconf 69' lang='lat' dir='ltr'>v</span> <span class='ocrx_word' id='word_1_260' title='bbox 723 3030 743 3036; x_wconf 88' lang='lat'>··</span> <span class='ocrx_word' id='word_1_261' title='bbox 1294 3024 1305 3042; x_wconf 71' lang='lat'>⁵</span> <span class='ocrx_word' id='word_1_262' title='bbox 1452 3037 1458 3044; x_wconf 87' lang='lat'><em>.</em></span> 
     </span>
     <span class='ocr_line' id='line_1_39' title="bbox 483 3026 1896 3116; baseline -0.004 -8"><span class='ocrx_word' id='word_1_263' title='bbox 483 3033 587 3073; x_wconf 36' lang='lat' dir='ltr'>EIUS&amp;</span> <span class='ocrx_word' id='word_1_264' title='bbox 638 3031 704 3063; x_wconf 42' lang='lat' dir='ltr'>see</span> <span class='ocrx_word' id='word_1_265' title='bbox 723 3042 756 3062; x_wconf 46' lang='lat' dir='ltr'>n.</span> <span class='ocrx_word' id='word_1_266' title='bbox 776 3029 808 3063; x_wconf 62' lang='lat'>2</span> <span class='ocrx_word' id='word_1_267' title='bbox 1281 3026 1289 3043; x_wconf 57' lang='lat'>¹</span> <span class='ocrx_word' id='word_1_268' title='bbox 1323 3029 1349 3058; x_wconf 59' lang='grc' dir='ltr'><em>Α</em></span> <span class='ocrx_word' id='word_1_269' title='bbox 1358 3027 1597 3115; x_wconf 35' lang='lat' dir='ltr'>pall-&#39;’sueque</span> <span class='ocrx_word' id='word_1_270' title='bbox 1614 3083 1757 3116; x_wconf 76' lang='lat' dir='ltr'>semper</span> <span class='ocrx_word' id='word_1_271' title='bbox 1773 3082 1896 3105; x_wconf 82' lang='lat' dir='ltr'>arcum</span> 
     </span>
     <span class='ocr_line' id='line_1_40' title="bbox 447 3118 1993 3166; baseline -0.002 -12"><span class='ocrx_word' id='word_1_272' title='bbox 447 3122 473 3141; x_wconf 72' lang='lat'>¹⁸</span> <span class='ocrx_word' id='word_1_273' title='bbox 494 3125 586 3157; x_wconf 62' lang='lat' dir='ltr'>ovid.</span> <span class='ocrx_word' id='word_1_274' title='bbox 600 3135 612 3158; x_wconf 88' lang='lat'><em>:</em></span> <span class='ocrx_word' id='word_1_275' title='bbox 641 3126 745 3166; x_wconf 50' lang='lat' dir='ltr'>Fusa,</span> <span class='ocrx_word' id='word_1_276' title='bbox 761 3124 805 3156; x_wconf 79' lang='lat' dir='ltr'>vi.</span> <span class='ocrx_word' id='word_1_277' title='bbox 829 3124 904 3160; x_wconf 71' lang='lat'><strong>771.</strong></span> <span class='ocrx_word' id='word_1_278' title='bbox 1231 3120 1367 3153; x_wconf 81' lang='lat' dir='ltr'>Tendit</span> <span class='ocrx_word' id='word_1_279' title='bbox 1384 3118 1552 3163; x_wconf 71' lang='lat' dir='ltr'>Apollo.&#39;&#39;</span> <span class='ocrx_word' id='word_1_280' title='bbox 1601 3118 1752 3158; x_wconf 81' lang='lat' dir='ltr'>——Hor.,</span> <span class='ocrx_word' id='word_1_281' title='bbox 1773 3121 1863 3159; x_wconf 83' lang='lat' dir='ltr'>(&#39;(1r.‚</span> <span class='ocrx_word' id='word_1_282' title='bbox 1881 3118 1916 3151; x_wconf 81' lang='lat' dir='ltr'>ii.</span> <span class='ocrx_word' id='word_1_283' title='bbox 1940 3118 1993 3151; x_wconf 89' lang='lat'>10.</span> 
     </span>
    </p>
   </div>
   <div class='ocr_carea' id='block_1_16' title="bbox 1160 3181 1255 3222">
    <p class='ocr_par' dir='ltr' id='par_1_17' title="bbox 1160 3181 1255 3222">
     <span class='ocr_line' id='line_1_41' title="bbox 1160 3181 1255 3222; baseline 0.011 -1"><span class='ocrx_word' id='word_1_284' title='bbox 1160 3181 1255 3222; x_wconf 78' lang='lat'>⁴216</span> 
     </span>
    </p>
   </div>
  </div>
 </body>
</html>
