2247 3637
221 244 249 281 1.
276 247 344 295 38]
431 234 1088 293 PADORMANNUS
1145 237 1743 297 FORNACIFICIS

216 344 304 391 sed
341 351 399 392 ut
436 345 771 394 manifestetis
807 347 930 395 mihi
966 348 1036 395 rei
1074 347 1357 403 veritatem,
1393 355 1569 396 utrum
1605 350 1818 397 maritus

216 417 382 458 vester
414 412 569 460 habet
599 414 926 478 praeputium
956 414 1036 462 vel
1060 417 1200 463 non?
1237 414 1416 462 dicatis
1442 416 1686 465 audacter
1710 417 1817 465 sine

216 478 534 534 verecundia,
562 497 732 529 amore
757 481 853 536 dei,
879 482 1002 545 quid
1026 481 1207 529 tacetis
1226 484 1243 529 ἲ
1260 482 1282 498 ”
1354 483 1551 530 Verum
1577 500 1672 548 ego
1697 484 1817 531 nolo

217 561 306 591 vos
354 545 564 595 docere:
626 564 714 595 vos
762 549 942 596 melius
991 547 1128 596 scitis
1175 550 1437 612 quomodo
1484 550 1680 598 debetis
1729 568 1818 599 vos

216 611 401 660 habere
434 630 553 660 cum
587 614 898 669 mulie1·ibu.5‚
926 633 1082 680 quam
1116 632 1224 680 ego.
1300 617 1503 664 Datum
1537 617 1724 683 raptim
1754 635 1817 665 ex

216 677 538 742 Erphurdia:
578 697 640 728 ex
667 681 920 731 Dracone.

859 949 1179 997 XXXVIII

213 1085 276 1133 (I
332 1085 433 1131 ΡΑ
442 1085 729 1132 DORMA
739 1086 965 1133 Alvus*
1023 1087 1296 1134 FORNA
1310 1087 1607 1136 CIFICIS
1667 1087 1815 1138 licen—

382 1152 830 1267 ἶῖἰίίιὶΐὲῑ.ςᾱέἳέὲιςὶ3ΐνο
860 1153 1076 1202 0)·ΐυίηο
1105 1154 1236 1202 Gra.
1266 1153 1485 1203 Salutem
1512 1154 1814 1205 salutari-asi-

216 1357 556 1474 NUPER
603 1356 868 1421 scripsistis
917 1357 979 1403 ad
1028 1374 1110 1404 me
1156 1357 1220 1405 de
1269 1357 1498 1413 Colonia,
1548 1365 1599 1406 et
1648 1377 1811 1424 repre-

378 1423 625 1472 hendistis
657 1440 740 1470 me
776 1423 915 1486 quod
952 1440 1048 1488 ego
1084 1441 1186 1471 non
1219 1424 1487 1473 scriberem
1525 1426 1587 1472 ad
1617 1443 1721 1484 vos,
1749 1445 1811 1476 ex

211 1509 314 1556 quo
340 1491 537 1539 dixistis
557 1491 696 1554 quod
721 1507 840 1555 prae
865 1490 973 1539 aliis
998 1490 1216 1539 libenter
1240 1491 1407 1556 legitis
1434 1508 1572 1540 meas
1597 1493 1810 1552 litteras,

210 1560 349 1623 quod
398 1558 589 1606 habent
631 1558 825 1605 bonum
868 1557 1058 1613 stilum,
1101 1574 1301 1606 necnon
1344 1560 1632 1622 procedunt
1673 1569 1811 1610 recte

212 1626 497 1674 secundum
554 1631 717 1672 artem
770 1623 1089 1689 epistolandi,
1139 1642 1295 1689 quam
1344 1626 1516 1674 audivi
1565 1644 1594 1674 a
1641 1636 1811 1677 vestra

211 1692 523 1758 praestantia
558 1692 609 1739 in
647 1691 875 1740 Colonia.
949 1691 1067 1756 Ego
1115 1693 1387 1741 scriberem
1434 1693 1608 1742 vobis:
1658 1703 1809 1744 “non

210 1761 373 1808 habeo
399 1776 598 1823 semper
622 1758 972 1807 inventionem
992 1767 1044 1807 et
1065 1760 1330 1808 materiam
1357 1767 1416 1809 ut
1441 1777 1579 1809 nunc
1599 1761 1807 1812 habeo.”

210 1828 318 1875 Vos
337 1826 533 1875 debetis
552 1832 730 1874 notare
749 1827 887 1890 quod
908 1826 1008 1874 iam
1029 1827 1108 1874 hic
1129 1827 1414 1876 celebratur
1432 1828 1807 1892 quodlibetum‚

208 1901 261 1943 et
288 1894 517 1959 magistri
553 1893 892 1958 doctoresque
929 1894 1212 1958 expediunt
1248 1911 1299 1942 se
1335 1895 1664 1945 artificialiter
1689 1914 1808 1946 cum

206 1978 394 2026 magna
419 1961 652 2009 doctrina
670 1961 722 2009 in
741 1961 1157 2017 determinandiS,
1175 1961 1442 2018 solvendis,
1464 1964 1807 2028 proponendis

207 2029 605 2093 quaestionibuS,
666 2028 997 2092 argumentis,
1055 2029 1498 2093 probleumatibus
1556 2031 1607 2078 in
1667 2032 1807 2080 omni

208 2096 380 2144 scibili.
454 2096 529 2144 Et
566 2111 684 2143 cum
720 2095 815 2143 hoc
851 2102 1034 2160 poetae
1059 2103 1111 2144 et
1136 2104 1360 2145 oratores
1386 2104 1634 2162 apparent
1660 2099 1807 2147 valde

207 2163 462 2211 artificiosi
488 2179 543 2210 ac
569 2162 852 2219 scientiosi3
889 2162 1021 2211 inter
1056 2180 1185 2228 quos
1214 2172 1290 2212 est
1324 2181 1455 2212 unus
1489 2165 1727 2213 notabilis
1753 2173 1804 2215 et

207 2230 513 2295 magistralis
549 2229 600 2277 in
636 2229 721 2277 illa
757 2236 864 2277 arte
900 2247 1019 2294 prae
1056 2231 1250 2287 ceteris,
1271 2233 1359 2296 qui
1395 2231 1518 2280 facit
1544 2233 1637 2280 sibi
1663 2250 1803 2297 mag-

206 2314 333 2345 num
368 2297 584 2345 titulum
619 2296 825 2361 quando
861 2296 1068 2346 intimat
1101 2298 1345 2347 lectiones
1375 2316 1503 2347 suas.
1576 2299 1650 2348 Et
1680 2301 1804 2348 dicit

206 2365 345 2428 quod
370 2371 448 2412 est
471 2370 625 2428 poeta
659 2370 945 2429 poetarum,
971 2371 1023 2413 et
1059 2366 1197 2429 quod
1229 2373 1430 2430 praeter
1454 2383 1573 2414 eum
1600 2383 1701 2414 non
1727 2374 1802 2415 est

204 2431 331 2479 alius
356 2438 521 2496 poeta.
600 2432 716 2496 Ipse
751 2430 947 2495 scripsit
983 2434 1243 2496 quendam
1267 2439 1549 2481 tractatum
1574 2434 1799 2490 metrice,

207 2515 364 2562 quem
405 2498 700 2546 notabiliter
734 2498 1033 2556 intitulavit,
1073 2517 1167 2564 ego
1204 2517 1318 2549 sum
1361 2500 1551 2548 oblitus
1593 2517 1798 2557 nomen,

207 2567 357 2614 credo
393 2566 532 2630 quod
574 2572 651 2613 est
692 2566 755 2613 de
796 2565 868 2612 ira
903 2572 955 2614 et
988 2567 1260 2616 cholericis.
1335 2567 1397 2615 In
1435 2584 1537 2631 quo
1572 2573 1798 2616 tractatu

208 2633 440 2680 stimulat
465 2633 735 2697 magistros
771 2632 977 2690 multos,
1005 2641 1057 2682 et
1098 2634 1220 2682 alios
1262 2641 1439 2700 poetas
1481 2634 1568 2697 qui
1610 2651 1662 2682 se
1702 2634 1799 2682 im-

206 2699 510 2762 pediverunt
545 2701 713 2764 legere
749 2699 801 2747 in
839 2700 1170 2750 universitate
1208 2709 1414 2766 propter
1439 2717 1582 2748 suam
1608 2701 1797 2749 luxuri-

207 2781 347 2812 osam
371 2773 532 2814 artem
553 2785 562 2815 z
588 2784 766 2815 verum
791 2768 1023 2832 magistri
1042 2769 1220 2817 dicunt
1247 2768 1339 2816 sibi
1364 2768 1415 2815 in
1440 2768 1637 2824 faciem,
1658 2769 1797 2832 quod

204 2847 308 2878 non
333 2838 409 2879 est
433 2840 542 2880 tam
578 2834 742 2881 bonus
777 2841 930 2899 poeta
966 2835 1096 2884 sicut
1132 2835 1394 2900 gloriatur,
1421 2841 1474 2882 et
1497 2841 1678 2883 tenent
1704 2835 1796 2884 sibi

250 2930 278 2949 ⁵⁵
304 2933 430 2966 Draco.
474 2933 595 2968 There
608 2934 638 2967 is
651 2933 967 2969 stillaDrachen-
1036 2936 1276 2981 IVittenberg
1330 2936 1539 2981 University
1591 2937 1630 2970 in
1690 2938 1793 2972 1510.

201 2983 335 3013 strasse
353 2979 390 3012 in
410 2979 550 3022 Erfurt‚
565 2980 709 3025 though
727 2982 791 3015 the
808 2983 874 3015 inu
900 2982 965 3016 has
1035 2985 1152 3026 For-st,
1171 2985 1261 3026 Alb„
1280 2984 1334 3017 34.

201 3025 449 3106 dlslag‘pogffiggl·
488 3072 567 3107 The
587 3085 693 3108 name
719 3074 960 3118 Kachelofen‚
1033 3074 1105 3113 ’ἕξω
1131 3086 1226 3108 unus
1250 3079 1318 3108 not.
1383 3074 1613 3120 Apparently
1631 3075 1793 3111 Sibu'ssus·

202 3118 381 3162 “stox'e,''
415 3131 543 3154 occurs
575 3121 613 3154 in
646 3120 710 3156 the
740 3123 896 3166 register
924 3123 967 3156 of
1031 3122 1099 3156 See
1117 3123 1139 3156 i.
1161 3122 1194 3163 3,
1214 3133 1249 3154 n.

956 3182 1020 3229 97
1558 3192 1593 3226 G

1853 370 1890 399 :30

1855 702 1953 731 55·

1846 1784 1860 1813 1
1865 1784 1883 1813 O

1842 2118 1880 2147 15

1836 2452 1874 2481 20
