2247 3637
187 296 218 334 1.
243 297 284 349 7]
478 287 807 343 PETRUS
863 285 1490 342 HAFENMUSIUS

190 412 309 443 cum
335 396 441 443 istis
466 396 866 459 quaestionibus,
893 396 1012 459 quia
1041 393 1172 442 facio
1203 394 1326 442 talia
1359 410 1509 441 causa
1543 393 1782 440 informa-

187 462 354 511 tionis.
429 462 626 511 Valete.

299 548 359 583 Ex
382 547 597 584 Lxmzwa.

937 667 1048 715 VII

402 801 465 848 {I
503 800 583 847 M.
628 800 843 847 PETR
855 800 948 847 US
989 800 1062 846 H
1057 799 1108 846 Α
1117 799 1365 847 FENM
1369 798 1496 846 USI
1502 798 1596 845 US

703 868 781 914 M.
825 867 1041 914 Ortvz‘no
1081 866 1271 914 Gratz‘o

286 1001 613 1048 ALUTEM
674 1000 1113 1048 innumerabilem.
1213 999 1531 1048 Venerabilis
1587 998 1794 1046 domine

342 1067 602 1133 magister,
662 1068 701 1116 si
760 1068 1000 1116 haberem
1058 1068 1299 1133 pecunias
1347 1074 1400 1115 et
1451 1066 1793 1115 substantiam

199 1152 457 1200 magnam,
505 1142 631 1182 tunc
679 1135 863 1183 vellem
924 1136 1041 1182 dare
1095 1134 1237 1182 vobis
1297 1151 1454 1181 unam
1512 1133 1794 1181 notabilem

198 1203 480 1267 propinam‚
531 1203 747 1250 credatis
789 1201 914 1249 mihi
961 1202 1189 1257 firmiter,
1233 1203 1372 1265 quod
1420 1201 1628 1250 solvatis
1670 1199 1794 1247 mihi

199 1272 351 1319 istam
387 1271 742 1333 quaestionem
779 1286 935 1332 quam
971 1285 1214 1333 propono.

304 1338 405 1385 Sed
448 1337 568 1401 quia
609 1353 840 1401 pronunc
879 1353 982 1384 non
1024 1336 1186 1384 habeo
1229 1352 1348 1383 oves
1385 1342 1436 1384 et
1478 1336 1651 1391 boves,
1688 1333 1798 1380 uni-

201 1422 344 1453 versa
379 1405 585 1469 insuper
621 1411 672 1451 et
709 1420 891 1468 pecora
928 1403 1109 1467 campi,
1141 1404 1229 1451 sed
1265 1420 1381 1451 sum
1417 1419 1624 1467 pauper,
1650 1418 1797 1465 prop-

200 1480 340 1521 terea
369 1489 472 1519 non
504 1489 713 1536 possum
740 1471 883 1518 vobis
908 1470 1196 1535 appreciare
1229 1487 1320 1534 pro
1346 1477 1513 1518 vestra
1538 1469 1799 1523 doctrina,

201 1541 289 1589 sed
325 1539 573 1604 promitto
608 1538 766 1594 vobis,
804 1539 943 1601 quod
980 1544 1254 1602 postquam
1297 1554 1411 1585 sum
1453 1535 1800 1588 beneficiatus,

203 1609 336 1656 sicut
383 1607 485 1654 iam
533 1606 707 1653 insteti
754 1622 845 1669 pro
893 1621 997 1653 una
1044 1604 1262 1660 Vicaria,
1305 1611 1432 1652 tunc
1474 1603 1593 1651 volo
1643 1602 1801 1651 semel

203 1692 367 1723 unum
393 1674 640 1721 honorem
666 1673 938 1737 specialem
963 1672 1128 1720 facere
1154 1672 1311 1720 vobis.

304 1742 378 1788 Et
420 1740 648 1789 scribatis
690 1740 815 1788 mihi
852 1757 916 1787 an
952 1746 1031 1788 est
1065 1739 1405 1788 necessarium
1442 1738 1505 1785 ad
1542 1744 1801 1785 aeternam

204 1810 438 1863 salutem,
465 1809 604 1872 quod
631 1808 881 1856 scholares
907 1808 1113 1855 discunt
1135 1806 1525 1871 grammaticam
1552 1822 1615 1853 ex
1639 1804 1804 1869 poetis

202 1877 558 1932 saecularibus,
579 1876 709 1923 sicut
735 1882 811 1923 est
836 1874 1097 1939 Virgilius,
1124 1874 1341 1930 Tullius,
1369 1873 1584 1927 Plinius,
1611 1879 1663 1920 et
1688 1871 1806 1919 alii?

205 1945 427 1993 Videtur
475 1943 599 1991 mihi
646 1943 785 2006 quod
832 1959 936 1990 non
985 1949 1063 1990 est
1110 1943 1274 1989 bonus
1321 1941 1504 1989 modus
1547 1939 1801 1988 studendi.

207 2013 361 2069 Quia,
415 2018 475 2059 ut
534 2010 707 2058 scribit
764 2010 1074 2058 Aristoteles
1133 2009 1298 2074 primo
1354 2006 1804 2072 methaphysicae:

209 2079 431 2127 “Multa
478 2078 805 2126 mentiuntur
859 2077 1133 2133 Poetae;'’
1193 2077 1279 2124 sed
1327 2076 1416 2139 qui
1464 2075 1804 2128 mentiuntur,

206 2153 438 2212 peccant,
464 2152 515 2194 et
541 2145 628 2209 qui
653 2145 875 2193 fundant
901 2145 1134 2192 studium
1160 2160 1313 2192 suum
1338 2159 1489 2207 super
1514 2141 1805 2197 mendaciis,

207 2215 429 2263 fundant
464 2213 590 2261 illud
633 2230 783 2277 super
818 2212 1053 2277 peccatis.
1126 2211 1200 2259 Et
1241 2210 1487 2275 quicquid
1528 2209 1807 2258 fundatum

208 2288 286 2330 est
333 2297 483 2345 super
529 2280 766 2344 peccatis,
810 2296 913 2327 non
960 2285 1036 2326 est
1085 2279 1313 2335 bonum3
1373 2278 1459 2326 sed
1506 2283 1583 2325 est
1632 2282 1809 2324 contra

209 2350 379 2404 deum,
406 2347 526 2411 quia
550 2348 673 2395 deus
699 2354 776 2395 est
800 2346 1034 2394 inimicus
1058 2346 1292 2410 peccatis.

313 2416 414 2464 Sed
439 2415 490 2462 in
515 2414 712 2479 poetria
736 2420 857 2462 sunt
882 2414 1176 2470 mendacia;
1213 2419 1265 2461 et
1291 2429 1412 2477 ergo
1437 2411 1524 2475 qui
1554 2410 1808 2474 incipiunt

210 2501 355 2531 suam
393 2483 682 2531 doctrinam
721 2482 773 2529 in
814 2481 1027 2546 poetria,
1065 2498 1169 2529 non
1211 2486 1427 2546 possunt
1474 2478 1717 2543 proficere
1757 2477 1809 2524 in

210 2552 472 2606 bonitate;
508 2550 628 2613 quia
665 2549 798 2596 mala
833 2548 976 2596 radix
1012 2549 1168 2597 habet
1206 2564 1355 2612 super
1388 2563 1438 2594 se
1475 2545 1664 2593 malam
1700 2544 1809 2591 her-

210 2619 345 2675 bam,
371 2625 425 2665 et
456 2617 591 2665 mala
626 2617 775 2664 arbor
809 2617 1003 2680 profert
1030 2617 1226 2664 malum
1255 2616 1500 2668 fructum,
1526 2611 1809 2659 secundum

212 2685 552 2750 evangelium,
591 2683 679 2732 ubi
715 2683 840 2731 dicit
876 2683 1130 2732 salvator:
1176 2683 1344 2730 “Non
1381 2687 1458 2728 est
1495 2679 1642 2726 arbor
1678 2678 1812 2725 bona

212 2770 343 2817 quae
400 2752 524 2800 facit
583 2751 813 2800 fructum
873 2751 1117 2800 malum.”
1220 2749 1398 2797 Etiam
1456 2747 1585 2794 bene
1644 2745 1810 2792 adhuc

262 2848 274 2867 ¹
292 2848 571 2890 qubnmztsius:
604 2846 761 2891 perhaps
793 2847 924 2889 Hafen,
956 2859 975 2878 a
1093 2843 1106 2862 ⁸
1124 2856 1195 2878 non
1220 2845 1334 2885 habeo,
1361 2842 1427 2876 &c
1479 2841 1532 2875 Cf.
1553 2839 1647 2874 Psal.
1665 2841 1739 2875 viii.
1767 2840 1812 2874 8:

213 2900 288 2940 pot,
305 2894 377 2928 and
398 2905 554 2937 mansan,
572 2897 610 2927 to
632 2892 717 2926 filch
734 2904 741 2926 :
770 2893 796 2910 “
808 2904 879 2927 oue
896 2892 977 2926 who
1049 2892 1076 2910 “
1088 2892 1185 2925 Oves
1203 2895 1240 2925 et
1257 2891 1366 2924 boves
1384 2889 1586 2931 universas,
1606 2888 1755 2933 insuper
1776 2892 1815 2922 et

213 2942 318 2977 takes
334 2941 470 2974 furtive
487 2939 594 2985 sips.”
644 2939 860 2985 (Bocking.)
1048 2950 1178 2984 pecora
1195 2936 1347 2981 campi.''
1404 2937 1499 2978 Γαίῃ.

261 2989 273 3007 ⁴
290 2989 542 3022 substantiam:
567 2998 606 3020 as
625 2988 661 3020 in
680 2987 743 3021 the
761 2987 892 3032 phrase
919 2986 979 3019 “a
1096 2983 1122 3004 ¹⁸
1139 2986 1363 3018 Aristoteles:
1388 2983 1537 3025 Metapk.
1557 2983 1578 3016 i.
1595 2982 1626 3016 2.
1664 2982 1816 3013 “Πολλά.

213 3048 298 3071 man
317 3035 358 3068 of
370 3033 597 3067 substance?
1051 3033 1222 3073 ψεύδονται
1239 3030 1367 3061 ἀοιδοί”
1386 3028 1558 3074 (quoting
1574 3041 1620 3063 an
1638 3026 1779 3072 adage).

260 3082 274 3102 ⁶
292 3082 471 3116 notabilem
486 3082 683 3123 propinam.
711 3081 766 3114 Cf.
779 3081 895 3123 Scott,
913 3081 980 3114 lee
1097 3075 1122 3094 ²⁷
1142 3078 1234 3109 mala
1259 3077 1385 3110 arbor:
1411 3076 1514 3110 Luke
1539 3077 1584 3110 vi.
1611 3078 1671 3119 43,
1693 3076 1718 3093 “
1731 3075 1815 3108 Non

215 3131 336 3172 Abbot,
355 3127 477 3168 xxvii„
496 3126 647 3161 “There
664 3139 735 3161 was
753 3139 864 3161 never
887 3128 937 3161 sic
960 3138 980 3160 a
1051 3128 1106 3158 est
1117 3124 1216 3157 enim
1234 3122 1342 3156 arbor
1360 3123 1454 3157 bona
1469 3135 1561 3168 quae
1574 3123 1663 3158 facit
1676 3123 1818 3156 fructus

215 3178 313 3211 braw
330 3174 483 3220 propino
500 3185 538 3207 as
555 3173 629 3207 this
645 3178 729 3208 sent
745 3178 784 3208 to
801 3185 821 3207 a
838 3173 953 3219 yerl.'’
1050 3169 1199 3204 malos.'’
1257 3170 1352 3213 Vuly.

987 3232 1046 3274 21

1821 543 1859 572 :35

1832 1145 1850 1173 5

1836 1481 1872 1509 10

1838 1815 1877 1845 15

1842 2156 1879 2184 20

1843 2488 1881 2518 25
