2247 3637
281 268 334 308 11.
358 270 426 320 68]
634 258 1074 316 IOHANNES
1128 257 1556 316 TEXTORIS

281 367 647 431 positionibus:
696 368 815 431 quia
856 367 924 415 ibi
963 367 1016 431 ly
1054 367 1355 431 “praelatus
1394 367 1636 431 supponit
1674 381 1874 430 person-

284 433 472 483 aliter.”
556 435 655 482 Sed
706 435 988 482 secundum
1040 434 1330 481 Marsilium
1378 433 1621 498 supponit
1667 432 1875 480 inferius
1911 447 1949 478 60

284 501 623 549 materialiter.
710 502 864 550 Nunc
900 502 963 548 ad
998 500 1347 565 propositum:
1385 517 1480 564 ego
1517 500 1700 548 vellem
1737 498 1877 562 quod

283 569 490 631 quando
547 568 789 631 magister
835 575 1007 617 noster
1066 568 1199 615 Iaco.
1253 567 1540 615 Hochstrat
1598 567 1649 613 in
1708 566 1879 613 Roma

284 635 410 684 nihil
447 635 596 684 sciret
641 635 822 683 Ioanni
863 635 1032 685 reuch.
1071 635 1255 683 abinde
1296 634 1505 689 lucrare,
1544 634 1682 696 quod
1719 632 1878 696 impe-

283 709 418 750 trare
450 702 594 750 nobis
629 702 874 751 laxiorem
899 702 1145 758 ordinem,
1171 702 1304 749 sicut
1338 701 1421 749 ille
1445 699 1875 766 praenominatus.

286 770 418 817 Caro
457 776 634 817 tamen
671 786 763 817 nos
801 771 1111 833 quandoque
1149 768 1305 817 etiam
1344 768 1604 817 stimulat:
1643 783 1738 831 ego
1777 767 1879 813 scio
1915 785 1954 817 65

285 836 424 899 quod
466 853 550 885 ero
588 836 910 885 brevissimae
948 837 1083 885 vitae
1121 836 1328 900 quando
1369 853 1474 884 non
1515 835 1677 882 debeo
1719 849 1882 896 quan-

285 904 456 968 doque
475 920 758 968 expurgare
778 911 925 952 vetus
943 905 1272 961 fermentum,
1295 903 1434 966 quod
1454 900 1684 950 contraxi
1703 917 1766 948 ex
1785 900 1882 948 illis

287 971 471 1027 caseis3
507 970 722 1036 parcatis
753 971 893 1026 mihi,
919 972 1039 1035 quia
1074 971 1255 1034 loquor
1280 970 1544 1018 vobiscum
1579 964 1881 1023 cordialiter,

286 1038 337 1086 id
363 1044 440 1086 est
464 1055 594 1101 quae
629 1038 754 1086 mihi
780 1045 901 1087 sunt
937 1038 1067 1086 circa
1092 1055 1177 1086 cor
1210 1054 1306 1102 ego
1340 1054 1538 1102 semper
1559 1036 1720 1084 timeo
1744 1034 1884 1098 quod

286 1105 372 1153 illa
397 1122 547 1154 causa
571 1105 665 1154 erit
690 1105 885 1153 malum
921 1106 1077 1154 finem
1107 1106 1380 1169 acquirere,
1407 1105 1538 1152 sicut
1573 1119 1724 1151 causa
1761 1102 1885 1150 Ber-
1919 1119 1958 1153 ’το

287 1173 469 1221 nensis,
565 1173 674 1220 Vos
733 1173 852 1221 satis
910 1172 1234 1221 intellexistis
1291 1188 1375 1220 me
1423 1172 1517 1219 dns
1577 1171 1650 1218 M.
1712 1175 1884 1217 noster

290 1240 508 1288 Ioannes
549 1240 974 1305 Amphoraticius
1017 1240 1216 1304 optavit
1252 1239 1396 1287 vobis
1438 1239 1629 1287 multas
1667 1237 1884 1285 salutes:

287 1306 394 1372 ipse
429 1307 590 1356 evasit
626 1307 677 1355 in
713 1307 994 1356 solemnem
1027 1307 1223 1355 virum:
1261 1307 1360 1354 Est
1396 1306 1532 1354 enim
1568 1304 1887 1370 praedicator

288 1381 490 1423 noster:
545 1375 711 1422 omnis
751 1374 907 1423 homo
950 1391 1069 1422 eum
1112 1374 1300 1422 laudat.
1374 1373 1473 1421 Est
1514 1373 1587 1421 ita
1628 1372 1790 1419 bonus
1834 1371 1886 1418 in

288 1442 568 1506 exemplari
604 1442 1053 1490 demonstratione.
1128 1441 1286 1489 Anno
1323 1440 1517 1488 domini
1552 1445 1714 1488 .1416.
1747 1453 1886 1503 prae·
1923 1455 1961 1487 75

288 1508 477 1557 dicavit
513 1509 828 1574 passionem:
864 1515 990 1557 tunc
1020 1507 1216 1572 accepit
1245 1525 1418 1556 secum
1450 1524 1612 1555 unum
1645 1505 1887 1553 baculum

288 1593 439 1641 super
464 1577 792 1624 Ambonem:
822 1582 874 1624 et
899 1576 1106 1638 quando
1130 1575 1363 1623 recitavit
1383 1573 1689 1623 sententiam
1714 1572 1886 1627 Pilati,

287 1650 412 1691 tunc
431 1644 590 1691 traxit
609 1660 728 1691 eum
753 1644 817 1691 de
837 1643 1037 1691 cuculla
1056 1649 1202 1691 extra
1226 1649 1277 1691 et
1297 1642 1449 1706 fregit
1474 1641 1620 1689 illum
1646 1640 1889 1687 baculum

287 1711 339 1758 in
382 1711 550 1759 medio
592 1710 644 1758 in
685 1710 811 1758 duas
851 1716 1033 1774 partes,
1070 1710 1216 1772 quasi
1258 1716 1547 1774 sceptrum:
1596 1707 1754 1763 Quod
1788 1706 1889 1754 fuit

288 1777 639 1826 miserabiliter
685 1778 748 1825 ad
795 1777 1106 1826 videndum:
1157 1777 1380 1825 Vetulae
1421 1775 1657 1823 mulieres
1698 1774 1890 1822 flebant
1926 1795 1963 1825 so

287 1845 360 1893 ita
398 1862 583 1901 amare,
622 1845 753 1893 sicut
790 1845 976 1892 Petrus
1013 1845 1221 1907 quando
1262 1843 1459 1892 audivit
1496 1842 1693 1908 gallum
1734 1856 1891 1905 prope

287 1912 461 1977 ignem
500 1918 716 1960 cantare.
802 1911 987 1960 Valete
1030 1918 1082 1959 et
1119 1911 1478 1960 commendate
1520 1927 1603 1958 me
1645 1909 1891 1973 magistro

287 1987 463 2028 nostro
487 1980 695 2043 quando
720 1979 916 2028 venerit
941 1995 1004 2026 ex
1031 1979 1215 2027 Roma.

957 2246 1213 2294 LXVIII

290 2381 353 2430 ΕΙΣ
384 2380 463 2428 M.
509 2380 801 2431 IOHAN.
859 2381 1273 2429 TEXTORIS
1313 2381 1472 2430 Petro
1521 2378 1893 2427 Sclcwinkvncio

458 2464 547 2496 suo
590 2454 662 2496 tot
698 2448 817 2496 dicit
856 2447 1040 2497 salutes
1075 2454 1194 2512 quot
1229 2454 1347 2496 sunt
1376 2453 1559 2512 guttae
1593 2447 1647 2494 in
1683 2446 1812 2493 mari
1847 2451 1894 2494 et

460 2514 642 2563 athomi
666 2516 719 2563 in
742 2515 841 2564 sole

387 2650 658 2705 CIATIS,
720 2649 1029 2698 Charissime
1088 2649 1264 2706 amice,
1328 2649 1467 2713 quod
1532 2664 1627 2712 ego
1690 2645 1893 2693 literam

421 2723 643 2765 vestram
685 2716 873 2781 accepi,
915 2716 968 2764 in
1009 2734 1111 2781 qua
1151 2717 1277 2764 mihi
1318 2715 1534 2765 scribitis
1576 2714 1639 2761 de
1675 2713 1893 2761 Erasmo
1930 2731 1948 2761 5

293 2782 698 2840 Rotherodam0‚
738 2790 790 2833 et
828 2783 984 2832 vultis
1021 2783 1146 2832 scire
1182 2783 1307 2847 quid
1344 2799 1439 2847 ego
1474 2788 1680 2830 teneam
1717 2779 1781 2827 de
1817 2796 1890 2827 eo.

295 2849 513 2899 Debetis
538 2851 661 2898 scire
697 2857 750 2899 et
785 2851 942 2899 michi
979 2851 1197 2905 credere,
1223 2850 1344 2914 quia
1380 2848 1553 2904 etiam,
1578 2847 1783 2912 quando
1819 2847 1894 2896 fui

294 2916 462 2965 adhuc
508 2917 721 2973 iuvenis,
770 2918 936 2966 multa
972 2917 1074 2982 legi
1121 2918 1173 2965 in
1220 2917 1377 2966 literis
1420 2915 1656 2963 humanis
1692 2921 1745 2962 et
1782 2913 1895 2962 Ste-

344 3036 371 3056 ⁵⁹
399 3040 454 3082 ly:
480 3038 636 3083 perhaps
654 3038 712 3072 for
728 3041 780 3081 lzj.
1178 3035 1208 3055 ⁷²
1224 3038 1430 3080 Amphorat.
1481 3035 1688 3069 Unknown.

345 3083 374 3103 ⁶⁰
392 3087 529 3119 Jsarsil.
583 3085 650 3119 See
669 3086 706 3119 ii.
727 3085 785 3128 63,
806 3097 840 3119 η.
1179 3083 1207 3102 ⁷⁵
1226 3086 1341 3125 1416:
1366 3083 1507 3118 altered
1532 3087 1572 3117 to
1599 3082 1688 3117 1516
1713 3083 1751 3117 in
1777 3082 1834 3118 ed.
1861 3082 1904 3118 of

346 3131 573 3174 ⁶⁷fern1e71t..·
601 3132 617 3165 1
638 3132 720 3166 Cor.
740 3144 770 3164 v.
792 3132 822 3166 7.
1135 3131 1232 3166 1599.

1060 3193 1155 3239 279
