2247 3637
185 263 214 301 1.
238 265 306 313 25]
461 250 924 307 PHILIPPUS
979 249 1497 307 SCULPTORIS

185 362 398 410 scribere
433 361 715 410 formaliter
749 361 860 409 illos
895 360 1157 415 terminOS,
1196 362 1334 424 quod
1373 361 1568 409 debetis
1607 360 1776 408 videre

184 429 323 493 quod
359 435 494 476 recte
530 429 756 493 exposui,
794 428 1074 476 secundum
1110 444 1287 475 omnes
1324 427 1687 484 vocabularios‚
1724 435 1776 476 et

184 497 247 544 ad
296 496 390 543 hoc
438 512 646 561 possum
684 496 900 560 allegare
947 496 1232 544 autenticos
1274 502 1493 551 autores,
1532 494 1686 542 etiam
1724 495 1775 542 in
1811 510 1848 538 20

185 563 479 627 Theologia.
554 563 627 610 Et
651 564 814 627 primo
839 562 972 610 dixi:
1011 571 1038 588 “
1059 562 1198 610 Seria
1222 561 1496 625 aliquando
1523 562 1774 626 significat

185 630 355 686 ollam,
395 636 447 677 et
485 635 611 677 tunc
649 630 835 677 dicitur
870 647 898 676 a
937 629 1098 692 Syria,
1137 629 1257 692 quia
1296 630 1346 676 in
1388 629 1478 676 tali
1516 628 1776 693 provincia

184 698 348 762 primo
395 697 530 744 facta
577 703 680 752 est;
731 697 887 745 etiam
926 703 1095 761 potest
1142 695 1241 744 dici
1282 713 1310 743 a
1348 695 1500 752 seriis,
1543 696 1663 759 quia
1700 702 1776 743 est

185 764 325 812 utilis
351 770 403 810 ct
429 764 734 820 necessaria3
772 764 852 812 vel
876 782 904 811 a
929 763 1068 818 serie,
1096 763 1146 811 id
1171 770 1248 811 est
1273 764 1448 810 ordine
1474 763 1546 810 fit.
1640 764 1776 810 Item

185 830 389 879 Patritii
414 830 655 878 dicuntur
678 838 846 896 patres
871 837 1176 879 senatorum.
1243 832 1378 878 Item
1399 847 1572 878 currus
1592 829 1778 877 dicitur
1812 840 1850 869 25

185 916 214 946 a
252 898 514 953 currendo,
541 898 661 962 quia
698 915 787 962 per
827 914 946 946 eum
987 904 1197 946 currunt
1235 897 1474 945 interiora
1512 897 1576 945 ad
1615 904 1773 945 extra.

186 966 323 1012 Item
348 965 440 1020 ius,
466 964 602 1019 iuris,
630 966 882 1029 significat
907 965 1158 1013 iustitiam
1182 983 1192 1019 ς
1228 965 1315 1012 sed
1341 965 1432 1019 ius,
1459 964 1597 1019 iutis,
1624 964 1775 1028 signi-

184 1033 302 1080 ficat
328 1032 595 1096 prodium3
630 1033 766 1080 unde
790 1049 992 1080 versus:

456 1119 535 1164 Ius,
555 1121 663 1163 iutis,
685 1119 855 1163 mand0;
886 1122 955 1166 ius,
979 1122 1083 1166 iuris,
1108 1122 1148 1155 in
1169 1121 1332 1168 agmine
1356 1118 1501 1169 pando.

187 1194 325 1242 Item
366 1195 536 1241 Lucar
563 1194 814 1257 significat
838 1196 1108 1259 pecuniam
1135 1211 1267 1258 quae
1292 1194 1548 1258 colligitur
1572 1211 1635 1242 ex
1661 1194 1777 1241 luco
1812 1209 1851 1239 30

185 1261 267 1309 vel
292 1279 354 1309 ex
382 1261 536 1325 sylva.
602 1263 740 1309 Item
766 1261 1040 1309 mantellus
1060 1262 1310 1326 significat
1335 1262 1565 1326 pallium,
1582 1267 1635 1309 et
1659 1261 1778 1309 inde

186 1329 327 1376 venit
373 1328 742 1376 diminutivum
789 1329 1114 1377 manticulus.
1204 1329 1551 1384 Mechanicus,
1600 1328 1651 1376 id
1702 1334 1778 1376 est

185 1396 515 1451 adulterinus,
563 1396 680 1444 hinc
739 1396 984 1443 dicuntur
1031 1403 1163 1444 artes
1210 1396 1549 1451 mechanicae,
1598 1395 1650 1443 id
1701 1401 1778 1442 est

186 1463 514 1519 adulterinae,
540 1469 774 1527 respectu
816 1463 1116 1519 liberalium,
1142 1480 1273 1526 quae
1311 1469 1432 1510 sunt
1457 1479 1604 1511 verae
1628 1468 1776 1510 artes.

187 1530 325 1578 Item
373 1531 683 1578 mensorium
731 1536 808 1577 est
855 1530 1099 1593 quicquid
1148 1530 1210 1576 ad
1258 1546 1488 1577 mensam
1536 1530 1774 1594 pertinet.
1812 1545 1851 1574 35

188 1597 325 1645 Item
353 1597 646 1661 Polyhistor
671 1597 860 1644 dicitur
883 1597 972 1661 qui
1005 1597 1100 1644 scit
1134 1596 1324 1644 multas
1360 1597 1622 1653 historias;
1660 1596 1777 1643 inde

186 1666 327 1712 venit
352 1663 711 1727 Polyhistoria‚
736 1664 787 1711 id
813 1671 892 1712 est
915 1664 1178 1728 pluralitas
1210 1664 1551 1712 historiarum.
1626 1664 1776 1727 Poly-

186 1748 335 1779 senus
360 1731 546 1778 dicitur
570 1732 658 1795 qui
684 1731 839 1779 habet
870 1731 1040 1795 plures
1074 1732 1294 1779 sensus.”
1366 1732 1475 1778 Ista
1510 1737 1561 1779 θῖ
1599 1730 1779 1778 similia

185 1799 309 1846 dicit
333 1815 436 1846 non
461 1815 567 1846 esse
592 1815 724 1855 vera,
750 1806 803 1846 et
827 1798 1186 1846 scandalizavit
1219 1815 1301 1846 me
1338 1815 1509 1846 coram
1545 1798 1779 1845 scholari-

185 1867 279 1913 bus
315 1865 455 1913 meis.
529 1866 676 1914 Tunc
706 1867 847 1930 [ego]
875 1866 982 1914 dixi
1019 1866 1158 1930 quod
1195 1866 1383 1913 sufficit
1418 1865 1481 1913 ad
1520 1872 1779 1913 aeternam
1815 1882 1853 1910 40

185 1933 421 1988 salutem,
471 1933 609 1996 quod
668 1933 850 1997 aliquis
909 1940 987 1981 est
1043 1932 1259 1997 simplex
1314 1932 1680 1998 grammaticus
1729 1939 1781 1980 et

184 2000 366 2048 saltem
409 2000 502 2048 scit
549 2001 834 2064 exprimere
881 2001 1068 2048 mentis
1111 2007 1435 2065 conceptum.
1510 2001 1659 2048 Tunc
1705 2016 1777 2047 re-

185 2067 405 2132 spondit,
432 2068 572 2131 quod
597 2085 765 2131 neque
790 2085 905 2116 sum
931 2067 1149 2132 simplex
1183 2084 1349 2131 neque
1382 2068 1573 2132 duplex
1612 2085 1778 2132 gram-

184 2134 416 2187 maticus,
443 2141 495 2182 et
519 2135 645 2182 nihil
670 2135 785 2183 scio.
859 2135 1008 2183 Tunc
1033 2135 1108 2183 fui
1132 2135 1368 2191 laetatus,
1393 2136 1513 2199 quia
1537 2136 1639 2182 iam
1663 2134 1781 2182 volo

185 2202 341 2249 citare
382 2219 501 2249 eum
541 2202 603 2249 ad
650 2202 913 2267 privilegia
950 2202 1296 2250 universitatis
1337 2203 1655 2258 Viennensis,
1693 2202 1782 2249 ubi
1816 2216 1854 2245 45

183 2269 337 2317 debet
360 2270 665 2334 respondere
689 2269 828 2326 mihi,
855 2270 976 2334 quia
998 2269 1068 2317 ibi
1093 2287 1207 2317 sum
1232 2277 1498 2334 promotus
1531 2270 1594 2317 de
1618 2269 1781 2334 gratia

189 2336 271 2384 dei
304 2335 356 2383 in
386 2337 721 2401 magistrum3
759 2343 811 2384 θῖ
844 2337 884 2384 si
916 2336 991 2384 fui
1025 2337 1279 2385 sufficiens
1309 2337 1410 2385 toti
1447 2336 1781 2391 universitati,

185 2403 342 2451 etiam
361 2403 479 2451 volo
504 2404 757 2452 sufficiens
782 2421 888 2452 esse
913 2403 1000 2451 uni
1025 2410 1221 2468 poetae,
1237 2404 1357 2468 quia
1380 2404 1680 2452 universitas
1705 2409 1781 2450 est

185 2470 300 2535 plus
336 2487 492 2534 quam
531 2478 696 2536 poeta.
770 2471 844 2519 Et
885 2471 1102 2519 credatis
1140 2471 1281 2528 mihi,
1321 2489 1416 2537 ego
1454 2488 1558 2519 non
1596 2470 1780 2518 vellem

233 2564 259 2584 ¹⁹
285 2577 375 2599 omn.
411 2567 522 2599 vocab.
589 2565 653 2600 All
690 2566 754 2600 the
792 2566 951 2610 ensuing
1019 2567 1125 2600 Cent.
1147 2579 1234 2609 As»,
1253 2566 1332 2600 first
1350 2566 1498 2611 printed
1513 2578 1539 2598 τά.
1563 2566 1663 2602 1473.
1714 2565 1781 2598 See

185 2611 438 2658 etymologics,
453 2618 584 2658 except
599 2613 683 2647 that
700 2614 742 2647 of
757 2614 776 2630 “
790 2614 951 2656 currus,''
1021 2614 1044 2630 “
1056 2614 1134 2648 The
1152 2613 1337 2648 excellent
1353 2613 1424 2646 and
1444 2612 1610 2657 pleasant
1627 2611 1727 2645 work
1746 2611 1787 2644 of

185 2671 247 2693 are
276 2664 314 2694 to
345 2660 390 2694 be
422 2660 538 2694 found
571 2661 609 2694 in
642 2661 707 2694 the
743 2662 950 2694 C'atholicon.
1019 2660 1143 2694 Julius
1162 2660 1322 2702 Solinus,
1346 2661 1548 2702 Polyhistor.
1595 2658 1783 2702 Contayn-

188 2706 270 2749 (See
287 2707 308 2740 i.
331 2709 364 2749 1,
386 2706 438 2750 n.)
1019 2709 1083 2752 ing
1116 2708 1180 2741 the
1212 2706 1321 2741 noble
1353 2708 1493 2740 actions
1534 2705 1575 2738 of
1611 2706 1783 2739 humaine

235 2751 261 2770 ²⁶
286 2755 355 2787 Int.
382 2756 428 2787 ad
459 2758 552 2788 cart..-
590 2755 655 2788 the
685 2755 790 2799 point
814 2754 856 2788 of
877 2754 951 2788 this
1019 2759 1220 2797 creatureS,
1239 2754 1303 2787 the
1321 2758 1455 2788 secrets
1473 2753 1545 2785 and
1563 2752 1783 2797 providence

187 2801 216 2833 is
235 2800 398 2834 obscure.
1020 2802 1062 2835 of
1086 2806 1228 2843 nature,
1262 2801 1326 2834 the
1358 2800 1581 2844 description
1609 2799 1650 2833 of
1672 2811 1782 2833 coun-

234 2845 262 2864 ⁸⁵
288 2849 524 2881 mensorium:
580 2848 760 2890 “Meose,
808 2859 952 2882 menso—
1020 2849 1120 2882 tries.
1152 2874 1160 2881 .
1194 2873 1201 2879 .
1234 2874 1240 2881 .
1271 2846 1489 2880 Translated
1517 2850 1583 2880 out
1609 2847 1650 2880 of
1678 2847 1782 2880 Latin

188 2894 258 2935 riu,
293 2894 388 2938 quod
421 2898 478 2928 est
512 2895 550 2928 in
587 2895 751 2938 mensa,''
787 2894 949 2940 Wright‚
1020 2897 1100 2929 into
1139 2894 1293 2940 English
1335 2894 1382 2938 by
1423 2893 1566 2927 Arthur
1607 2893 1782 2937 Golding,

198 2941 368 2981 Voeab.,i.
392 2941 449 2983 26,
468 2941 523 2974 61.
1021 2942 1131 2976 Gent.
1182 2942 1345 2983 London,
1393 2940 1515 2977 1587.”
1590 2940 1785 2975 Cornelius

237 2985 264 3003 ³⁶
290 2988 493 3030 Polyhistor.
536 2987 646 3022 Caius
662 2988 786 3022 Julius
804 2988 953 3022 Solinus
1022 2988 1234 3023 Alexander
1253 2988 1380 3030 (Suet,
1395 2989 1447 3021 De
1464 2988 1516 3021 Ill.
1540 2989 1709 3030 Gramma,
1725 2988 1785 3030 20)

190 3032 383 3078 compiled,
413 3033 544 3078 chiefly
573 3035 667 3069 from
699 3035 837 3080 Pliny's
866 3037 951 3069 Nat*
1022 3037 1094 3069 and
1114 3036 1151 3068 (¹.
1169 3035 1205 3068 J.
1226 3035 1398 3079 Hyginus
1416 3034 1579 3076 (Euseb.‚
1592 3036 1716 3069 C'hron.
1736 3036 1784 3069 II.

190 3082 298 3122 Hist„
341 3092 361 3113 a
402 3081 502 3113 work
544 3081 700 3116 entitled
745 3083 955 3116 (¹0llectanea
1025 3084 1169 3125 Olymp.‚
1192 3083 1286 3125 193),
1307 3093 1399 3115 were
1416 3079 1494 3115 also
1513 3082 1661 3116 dubbed
1680 3081 1788 3127 Poly-

191 3139 307 3162 rerum
352 3128 623 3161 memorabilium
664 3130 703 3162 in
746 3129 812 3162 the
852 3129 954 3162 third
1022 3129 1151 3163 histor.

957 3189 1018 3235 67
