2912 4368
506 822 535 860 1.
561 826 629 872 29]
828 811 1034 865 TUAM
1048 810 1220 865 ANN
1234 810 1333 865 US
1392 811 1436 864 L
1450 809 1570 865 UM
1590 810 1779 864 I'LIN

507 919 776 966 consilium
812 918 860 964 in
893 919 1040 965 factis
1066 917 1259 972 vestris,
1287 917 1406 981 quia
1432 918 1563 964 facio
1600 918 1721 964 talia
1751 918 1881 965 bono
1912 918 2097 965 animo.

507 986 579 1033 Et
614 986 729 1033 volo
767 986 985 1033 cavisarc
1016 1003 1104 1033 vos
1141 985 1424 1032 secundum
1461 985 1599 1046 quod
1638 1002 1733 1047 cgo
1772 985 2017 1048 intelligo,
2050 992 2100 1033 et

506 1054 767 1100 modicum
812 1054 927 1099 volo
969 1053 1216 1115 corrigere
1260 1070 1363 1106 vos,
1407 1052 1525 1114 quia
1569 1053 1774 1098 vexatio
1813 1053 1900 1099 dat
1951 1053 2099 1100 intel-

506 1121 714 1168 lectum.
789 1120 863 1166 Et
898 1121 1145 1182 scriptum
1176 1126 1254 1166 est
1288 1120 1334 1166 in
1371 1118 1732 1166 Ecclesiastico
1768 1137 1871 1183 cap.
1904 1120 2099 1167 XIIL:
2137 1139 2173 1167 ω

507 1196 533 1212 “
557 1188 663 1243 Qui
691 1187 922 1249 tetigerit
955 1187 1136 1250 piceni,
1173 1187 1522 1250 inquinabitur
1555 1186 1618 1231 ab
1653 1187 1755 1233 ea.⁷'
1827 1187 1909 1233 Sic
1944 1188 2098 1234 etiam

508 1255 563 1300 fit
602 1254 759 1308 vobis,
790 1254 909 1316 quia
946 1254 1100 1301 vultis
1139 1254 1322 1301 hahere
1360 1254 1497 1317 quod
1535 1270 1647 1300 sum
1678 1253 1871 1300 amicus
1905 1260 2099 1301 vester:

503 1328 772 1386 propterea
808 1328 1012 1384 oportet
1050 1321 1206 1368 etiam
1242 1338 1332 1384 pro
1373 1322 1504 1367 bono
1541 1321 1767 1384 accipere
1804 1321 2100 1368 vexationes

504 1406 532 1435 a
563 1404 657 1436 me.
732 1388 849 1451 Ego
891 1388 1092 1452 percepi
1132 1405 1220 1435 seu
1260 1388 1487 1435 intellexi
1530 1389 1668 1450 quod
1707 1405 1795 1435 vos
1831 1388 2012 1435 tacetis
2050 1389 2098 1435 in

505 1472 654 1503 causa
704 1456 909 1502 Ioannis
947 1455 1220 1510 Reuchlin,
1260 1462 1310 1502 et
1347 1472 1449 1501 non
1486 1456 1798 1519 respondetis
1836 1455 1881 1503 ei
1924 1461 2102 1502 contra
2136 1474 2173 1502 15

505 1540 619 1569 suas
658 1522 1118 1570 scandalizationes.
1192 1523 1265 1569 Et
1302 1522 1458 1570 iratus
1495 1540 1607 1570 sum
1641 1523 1802 1577 valde,
1830 1522 1948 1585 quia
1984 1539 2100 1569 amo

506 1606 610 1644 vos,
648 1596 699 1637 et
738 1590 986 1654 scriptum
1023 1596 1129 1637 est:
1170 1591 1389 1645 “Quem
1433 1590 1605 1653 diligo,
1639 1590 1881 1653 corrigo.'’
1963 1590 2099 1636 Nam

504 1674 663 1720 quare
688 1656 946 1721 incepistis
972 1657 1015 1704 ei
1042 1657 1363 1720 respondere,
1393 1658 1428 1703 si
1457 1674 1559 1704 non
1585 1657 1740 1705 vultis
1768 1658 2099 1704 continuare?

505 1726 594 1771 An
631 1741 733 1771 non
770 1725 887 1772 estis
924 1724 1212 1772 sufficiens?
1287 1725 1389 1771 Vos
1427 1726 1546 1772 estis
1578 1742 1665 1788 per
1694 1726 1848 1771 deum
1879 1731 1931 1771 et
1960 1741 2099 1788 prae-

505 1792 677 1839 sertim
716 1792 766 1839 in
803 1791 1049 1838 facultate
1085 1792 1374 1855 theologica
1411 1792 1530 1839 estis
1565 1793 1607 1839 ei
1651 1792 1860 1839 melior:
1898 1798 1950 1838 et
1980 1809 2099 1855 ergo
2136 1809 2171 1836 ρο

504 1859 700 1906 debetis
738 1859 781 1906 ei
819 1860 1135 1923 respondere,
1168 1865 1219 1906 et
1255 1859 1525 1906 defendere
1560 1861 1750 1906 famam
1783 1865 2020 1913 vestram,
2048 1866 2099 1906 et

503 1926 790 1990 praedicare
827 1926 981 1974 fidem
1020 1926 1363 1982 christianam,
1400 1933 1577 1973 contra
1613 1943 1768 1988 quam
1808 1926 1981 1973 scribit
2018 1926 2100 1973 ille

507 1994 801 2041 haereticus.

607 2062 680 2108 Et
707 2078 806 2108 non
825 2061 1022 2108 debetis
1048 2060 1270 2122 aliquem
1291 2060 1551 2123 respicere,
1569 2060 1687 2122 quia
1713 2060 1837 2107 dicit
1858 2060 2099 2107 Salomon

505 2128 555 2174 in
583 2128 929 2176 Ecclesiastici
956 2128 1123 2174 XIII.
1152 2147 1159 2175 :
1198 2127 1365 2174 “Noli
1392 2143 1498 2174 esse
1524 2127 1730 2174 humilis
1757 2127 1807 2174 in
1835 2126 2096 2190 sapientia,
2136 2144 2174 2172 25

506 2213 567 2242 ne
604 2196 901 2243 humiliatus
927 2196 978 2241 in
1012 2194 1287 2241 stultitiam
1319 2194 1616 2241 seducaris.”
1688 2194 1872 2257 Neque
1904 2194 2099 2242 debetis

504 2264 687 2312 timere
718 2262 1006 2328 potentiam
1040 2262 1348 2317 iuristarum,
1386 2262 1525 2324 quod
1562 2261 1751 2308 faciant
1791 2262 1933 2309 vobis
1971 2261 2099 2324 peri-

506 2331 679 2378 culum
729 2330 964 2395 corporis,
1014 2329 1135 2392 quia
1182 2329 1378 2376 debetis
1426 2329 1549 2376 talia
1590 2328 1697 2393 pati
1758 2345 1848 2392 pro
1896 2329 1995 2375 fide
2049 2336 2100 2376 et

507 2397 732 2445 veritate.
808 2398 964 2445 Unde
991 2396 1225 2444 Christus
1245 2396 1369 2443 dicit
1394 2396 1443 2443 in
1465 2396 1731 2460 evangelio
1758 2397 1889 2444 Mat.
1914 2397 2068 2443 XVI.
2092 2414 2099 2443 :

507 2465 660 2520 “Qui
708 2465 925 2513 voluerit
982 2464 1207 2511 animam
1257 2481 1401 2511 suam
1451 2463 1642 2511 salvam
1691 2464 1870 2520 facere,
1921 2464 2099 2527 perdet
2136 2478 2173 2506 :30

506 2533 669 2580 eum.’'
743 2532 816 2580 Et
859 2533 897 2580 si
939 2531 1134 2579 timetis
1170 2531 1309 2595 quod
1347 2548 1449 2578 non
1486 2531 1701 2595 potestis
1735 2548 1854 2578 eum
1881 2531 2099 2585 vincere,

504 2606 628 2647 tunc
672 2617 775 2647 non
813 2599 1014 2647 creditis
1057 2599 1338 2662 evangelio,
1379 2599 1498 2661 quia
1534 2599 1629 2645 ista
1665 2605 1743 2646 est
1780 2616 1928 2646 causa
1966 2598 2097 2646 fidei.

505 2666 580 2715 Et
606 2667 853 2732 scriptum
880 2673 957 2715 est
982 2667 1032 2713 in
1060 2666 1341 2730 evangelio,
1369 2667 1507 2728 quod
1534 2666 1659 2713 nihil
1685 2672 1761 2713 est
1788 2665 2099 2729 impossibile

507 2734 700 2782 homini
732 2734 817 2798 qui
850 2734 1038 2782 credit:
1077 2735 1197 2797 quia
1227 2733 1433 2797 ponitur
1460 2735 1590 2780 Mat.
1622 2734 1821 2779 XVIII
1852 2733 2099 2795 [XVII]:

505 2801 605 2848 “Si
632 2801 908 2849 habueritis
934 2802 1088 2848 fidem
1114 2802 1246 2848 sicut
1269 2817 1487 2864 granum
1509 2800 1710 2864 sinapis,
1731 2800 1909 2847 dicetis
1935 2800 2099 2847 monti
2136 2822 2173 2851 35

505 2870 620 2916 huic
656 2870 844 2916 ‘transi
878 2869 1027 2924 hinc,’
1052 2875 1104 2915 et
1139 2868 1393 2922 transibit,
1422 2875 1473 2915 et
1508 2868 1633 2914 nihil
1666 2867 1760 2915 erit
1792 2867 2101 2932 impossibile

506 2936 692 2984 vobis.”
775 2937 876 2984 Sed
918 2953 1021 2984 non
1065 2942 1140 2983 est
1178 2936 1414 2999 possibile
1450 2935 1589 2998 quod
1626 2936 1806 2982 doctor
1844 2935 2099 2982 Reuchlin

503 3010 676 3067 potest
713 3020 891 3051 verum
928 3003 1159 3057 scribere,
1197 3003 1316 3066 quia
1352 3019 1454 3050 non
1492 3002 1647 3050 habet
1690 3003 1846 3049 fidem
1888 3003 2100 3065 integre.

503 3071 621 3133 quia
667 3071 897 3119 defendit
948 3071 1167 3118 Iudaeos
1214 3071 1302 3133 qui
1345 3077 1465 3117 sunt
1509 3069 1678 3117 hostes
1720 3069 1866 3118 fidei:
1926 3076 1978 3116 et
2026 3076 2101 3116 est

503 3146 679 3186 contra
717 3139 980 3203 opiniones
1017 3138 1323 3192 doctorum;
1361 3144 1410 3185 et
1449 3154 1567 3184 cum
1604 3136 1699 3184 hoc
1737 3143 1812 3184 est
1848 3142 2098 3200 peccator,
2138 3156 2173 3183 40

504 3206 633 3253 sicut
668 3206 840 3253 scribit
873 3205 1114 3270 magister
1152 3206 1369 3252 Ioannes
1404 3204 1727 3251 Pfefferkorn
1760 3203 1811 3250 in
1851 3220 1941 3250 suo
1974 3203 2101 3249 libro

504 3274 591 3335 qui
634 3273 820 3321 dicitur
869 3273 1214 3337 Sturmglock.
1291 3272 1391 3319 Sed
1438 3278 1729 3336 peccatores
1772 3287 1873 3317 non
1912 3270 2101 3317 debent

504 3340 694 3403 aliquid
732 3341 914 3388 habere
952 3358 1100 3404 agere
1137 3341 1188 3388 in
1225 3340 1474 3403 scriptura
1517 3356 1667 3392 sacra,
1706 3338 1825 3399 quia
1867 3338 2101 3385 scribitur

506 3407 712 3454 Psalmo
739 3408 951 3455 XLIX.
975 3426 983 3455 :
1024 3416 1050 3434 ‘⁶
1071 3407 1337 3455 Peccatori
1357 3413 1531 3453 autem
1552 3405 1682 3452 dixit
1708 3405 1832 3451 deus
1855 3424 1861 3451 :
1895 3412 1904 3429 ⁶
1924 3405 2098 3461 Quare

503 3481 562 3520 tu
610 3490 809 3521 enarras
857 3475 1075 3522 iustitias
1141 3491 1294 3529 meaS,
1344 3480 1396 3521 et
1456 3472 1668 3519 assumis
1727 3478 2100 3519 testamentum
2136 3489 2173 3518 45

550 3573 561 3591 ⁹
598 3576 743 3608 I'e.1·(zl.:
762 3575 807 3608 Is.
826 3577 948 3608 xxviii.
976 3577 1028 3609 19.
1337 3574 1378 3607 of
1402 3573 1517 3611 Latin,
1544 3573 1615 3605 and
1644 3576 1707 3605 not
1734 3584 1753 3604 a
1779 3573 1969 3617 graduate.
2023 3573 2101 3607 The

552 3620 577 3639 25
609 3624 765 3657 Musas..-
802 3623 905 3663 xiii.;
936 3634 955 3655 a
986 3627 1068 3667 part
1094 3623 1135 3656 of
1157 3634 1188 3656 v.
1218 3624 1264 3662 83
1336 3621 1561 3661 ›Sturnifslnrlig
1588 3631 1607 3651 a
1639 3618 1777 3652 violent
1811 3620 1934 3653 attack
1966 3632 2012 3653 011
2042 3620 2099 3660 R„

505 3670 665 3713 wanting
684 3669 721 3702 in
738 3668 802 3702 the
820 3669 942 3702 Greek
961 3670 1032 3703 aud
1052 3670 1114 3703 the
1133 3669 1224 3702 AX.
1336 3666 1537 3710 ostensibly
1570 3666 1614 3710 by
1648 3666 1701 3708 P.,
1733 3667 1913 3711 appeared
1943 3668 2100 3701 towards

552 3715 577 3733 ⁴¹
604 3728 690 3758 ηιαρ.
705 3728 716 3749 .·
736 3715 888 3749 ironical
908 3726 915 3756 3
946 3716 981 3749 P.
1003 3728 1073 3750 was
1091 3718 1266 3760 ignorant
1335 3714 1398 3747 the
1417 3714 1487 3746 cud
1508 3713 1549 3745 of
1566 3714 1663 3746 1514.

1276 3775 1339 3820 77
