<?xml version="1.0" encoding="UTF-8"?>
<!DOCTYPE html PUBLIC "-//W3C//DTD XHTML 1.0 Transitional//EN"
    "http://www.w3.org/TR/xhtml1/DTD/xhtml1-transitional.dtd">
<html xmlns="http://www.w3.org/1999/xhtml" xml:lang="en" lang="en">
 <head>
  <title>
</title>
<meta http-equiv="Content-Type" content="text/html;charset=utf-8" />
  <meta name='ocr-system' content='tesseract 3.04.00' />
  <meta name='ocr-capabilities' content='ocr_page ocr_carea ocr_par ocr_line ocrx_word'/>
</head>
<body>
  <div class='ocr_page' id='page_1' title='image "./epistolaeobscuro00huttuoft_0319.png"; bbox 0 0 2247 3637; ppageno 0'>
   <div class='ocr_carea' id='block_1_1' title="bbox 173 267 1524 330">
    <p class='ocr_par' dir='ltr' id='par_1_1' title="bbox 173 267 1524 330">
     <span class='ocr_line' id='line_1_1' title="bbox 173 267 1524 330; baseline 0.006 -14"><span class='ocrx_word' id='word_1_1' title='bbox 173 279 320 330; x_wconf 80' lang='lat'><strong>11.23]</strong></span> <span class='ocrx_word' id='word_1_2' title='bbox 429 267 1008 325; x_wconf 80' lang='lat' dir='ltr'>BERTHOLDUS</span> <span class='ocrx_word' id='word_1_3' title='bbox 1063 268 1524 324; x_wconf 75' lang='lat' dir='ltr'>HACKSTRO</span> 
     </span>
    </p>
   </div>
   <div class='ocr_carea' id='block_1_2' title="bbox 173 374 1774 1177">
    <p class='ocr_par' dir='ltr' id='par_1_2' title="bbox 173 374 1774 1177">
     <span class='ocr_line' id='line_1_2' title="bbox 174 374 1769 439; baseline -0.001 -15"><span class='ocrx_word' id='word_1_4' title='bbox 174 376 421 424; x_wconf 85' lang='lat' dir='ltr'>Coloniae</span> <span class='ocrx_word' id='word_1_5' title='bbox 446 382 566 423; x_wconf 91' lang='lat' dir='ltr'>sunt</span> <span class='ocrx_word' id='word_1_6' title='bbox 600 376 650 422; x_wconf 89' lang='lat' dir='ltr'>in</span> <span class='ocrx_word' id='word_1_7' title='bbox 685 392 800 423; x_wconf 89' lang='lat' dir='ltr'>caro</span> <span class='ocrx_word' id='word_1_8' title='bbox 832 376 956 423; x_wconf 89' lang='lat' dir='ltr'>foro.</span> <span class='ocrx_word' id='word_1_9' title='bbox 1031 375 1133 422; x_wconf 88' lang='lat' dir='ltr'>Sed</span> <span class='ocrx_word' id='word_1_10' title='bbox 1170 375 1435 439; x_wconf 78' lang='lat' dir='ltr'>scripsistis</span> <span class='ocrx_word' id='word_1_11' title='bbox 1472 375 1595 422; x_wconf 90' lang='lat' dir='ltr'>mihi</span> <span class='ocrx_word' id='word_1_12' title='bbox 1630 374 1769 438; x_wconf 91' lang='lat' dir='ltr'>quod</span> 
     </span>
     <span class='ocr_line' id='line_1_3' title="bbox 173 441 1769 507; baseline -0.001 -17"><span class='ocrx_word' id='word_1_13' title='bbox 173 443 447 507; x_wconf 82' lang='lat' dir='ltr'>negocium</span> <span class='ocrx_word' id='word_1_14' title='bbox 472 449 702 490; x_wconf 88' lang='lat' dir='ltr'>vestrum</span> <span class='ocrx_word' id='word_1_15' title='bbox 727 459 830 490; x_wconf 92' lang='lat' dir='ltr'>non</span> <span class='ocrx_word' id='word_1_16' title='bbox 855 443 984 490; x_wconf 91' lang='lat' dir='ltr'>bene</span> <span class='ocrx_word' id='word_1_17' title='bbox 1009 448 1112 490; x_wconf 89' lang='lat' dir='ltr'>stat</span> <span class='ocrx_word' id='word_1_18' title='bbox 1137 448 1188 489; x_wconf 89' lang='lat' dir='ltr'>et</span> <span class='ocrx_word' id='word_1_19' title='bbox 1214 442 1346 490; x_wconf 85' lang='lat' dir='ltr'>male</span> <span class='ocrx_word' id='word_1_20' title='bbox 1370 442 1599 505; x_wconf 81' lang='lat' dir='ltr'>procedit</span> <span class='ocrx_word' id='word_1_21' title='bbox 1624 441 1769 490; x_wconf 89' lang='lat' dir='ltr'>vobis</span> 
     </span>
     <span class='ocr_line' id='line_1_4' title="bbox 175 508 1769 572; baseline -0.001 -16"><span class='ocrx_word' id='word_1_22' title='bbox 175 510 227 557; x_wconf 93' lang='lat' dir='ltr'>in</span> <span class='ocrx_word' id='word_1_23' title='bbox 274 511 400 558; x_wconf 91' lang='lat' dir='ltr'>urbe</span> <span class='ocrx_word' id='word_1_24' title='bbox 441 510 627 566; x_wconf 87' lang='lat' dir='ltr'>Roma,</span> <span class='ocrx_word' id='word_1_25' title='bbox 677 516 729 557; x_wconf 89' lang='lat' dir='ltr'>et</span> <span class='ocrx_word' id='word_1_26' title='bbox 770 510 910 572; x_wconf 90' lang='lat' dir='ltr'>quod</span> <span class='ocrx_word' id='word_1_27' title='bbox 951 509 1175 557; x_wconf 77' lang='lat' dir='ltr'><strong>fautores</strong></span> <span class='ocrx_word' id='word_1_28' title='bbox 1222 508 1462 556; x_wconf 90' lang='lat' dir='ltr'>Iohannis</span> <span class='ocrx_word' id='word_1_29' title='bbox 1511 508 1769 557; x_wconf 85' lang='lat' dir='ltr'>Reuchlin</span> 
     </span>
     <span class='ocr_line' id='line_1_5' title="bbox 173 575 1770 639; baseline -0.001 -15"><span class='ocrx_word' id='word_1_30' title='bbox 173 577 370 624; x_wconf 88' lang='lat' dir='ltr'>faciunt</span> <span class='ocrx_word' id='word_1_31' title='bbox 396 577 540 624; x_wconf 89' lang='lat' dir='ltr'>vobis</span> <span class='ocrx_word' id='word_1_32' title='bbox 567 593 776 639; x_wconf 82' lang='lat' dir='ltr'>magnas</span> <span class='ocrx_word' id='word_1_33' title='bbox 812 576 1091 624; x_wconf 79' lang='lat' dir='ltr'>instantias.</span> <span class='ocrx_word' id='word_1_34' title='bbox 1165 575 1384 624; x_wconf 89' lang='lat' dir='ltr'>Debetis</span> <span class='ocrx_word' id='word_1_35' title='bbox 1416 576 1542 623; x_wconf 88' lang='lat' dir='ltr'>mihi</span> <span class='ocrx_word' id='word_1_36' title='bbox 1569 576 1770 623; x_wconf 92' lang='lat' dir='ltr'>credere</span> 
     </span>
     <span class='ocr_line' id='line_1_6' title="bbox 174 643 1769 707; baseline -0.001 -16"><span class='ocrx_word' id='word_1_37' title='bbox 174 644 314 707; x_wconf 92' lang='lat' dir='ltr'>quod</span> <span class='ocrx_word' id='word_1_38' title='bbox 349 644 421 691; x_wconf 90' lang='lat' dir='ltr'>ita</span> <span class='ocrx_word' id='word_1_39' title='bbox 456 644 606 691; x_wconf 92' lang='lat' dir='ltr'>doleo</span> <span class='ocrx_word' id='word_1_40' title='bbox 642 644 705 691; x_wconf 92' lang='lat' dir='ltr'>de</span> <span class='ocrx_word' id='word_1_41' title='bbox 731 644 873 691; x_wconf 85' lang='lat' dir='ltr'>vobis</span> <span class='ocrx_word' id='word_1_42' title='bbox 906 643 1037 692; x_wconf 87' lang='lat' dir='ltr'>sicut</span> <span class='ocrx_word' id='word_1_43' title='bbox 1070 643 1244 691; x_wconf 88' lang='lat' dir='ltr'>essetis</span> <span class='ocrx_word' id='word_1_44' title='bbox 1278 649 1442 690; x_wconf 90' lang='lat' dir='ltr'>mater</span> <span class='ocrx_word' id='word_1_45' title='bbox 1465 659 1592 690; x_wconf 90' lang='lat' dir='ltr'>mea.</span> <span class='ocrx_word' id='word_1_46' title='bbox 1669 643 1769 689; x_wconf 89' lang='lat' dir='ltr'>Sed</span> 
     </span>
     <span class='ocr_line' id='line_1_7' title="bbox 174 710 1771 775; baseline -0.001 -17"><span class='ocrx_word' id='word_1_47' title='bbox 174 727 321 775; x_wconf 89' lang='lat' dir='ltr'>spero</span> <span class='ocrx_word' id='word_1_48' title='bbox 356 711 496 774; x_wconf 90' lang='lat' dir='ltr'>quod</span> <span class='ocrx_word' id='word_1_49' title='bbox 533 711 771 758; x_wconf 93' lang='lat' dir='ltr'>dominus</span> <span class='ocrx_word' id='word_1_50' title='bbox 807 711 931 759; x_wconf 90' lang='lat' dir='ltr'>deus</span> <span class='ocrx_word' id='word_1_51' title='bbox 966 710 1110 758; x_wconf 91' lang='lat' dir='ltr'>dabit</span> <span class='ocrx_word' id='word_1_52' title='bbox 1146 710 1519 774; x_wconf 84' lang='lat' dir='ltr'>benignitatem</span> <span class='ocrx_word' id='word_1_53' title='bbox 1552 716 1604 756; x_wconf 90' lang='lat' dir='ltr'>et</span> <span class='ocrx_word' id='word_1_54' title='bbox 1635 716 1771 757; x_wconf 89' lang='lat' dir='ltr'>terra</span> 
     </span>
     <span class='ocr_line' id='line_1_8' title="bbox 174 776 1771 826; baseline -0.001 -1"><span class='ocrx_word' id='word_1_55' title='bbox 174 784 348 825; x_wconf 89' lang='lat' dir='ltr'>nostra</span> <span class='ocrx_word' id='word_1_56' title='bbox 395 777 538 824; x_wconf 86' lang='lat' dir='ltr'>dabit</span> <span class='ocrx_word' id='word_1_57' title='bbox 573 778 803 825; x_wconf 85' lang='lat' dir='ltr'>fructum</span> <span class='ocrx_word' id='word_1_58' title='bbox 851 795 1014 826; x_wconf 87' lang='lat' dir='ltr'>suum.</span> <span class='ocrx_word' id='word_1_59' title='bbox 1115 778 1255 826; x_wconf 89' lang='lat' dir='ltr'>Idest</span> <span class='ocrx_word' id='word_1_60' title='bbox 1303 794 1392 825; x_wconf 87' lang='lat' dir='ltr'>vos</span> <span class='ocrx_word' id='word_1_61' title='bbox 1441 776 1771 824; x_wconf 91' lang='lat' dir='ltr'>Colonienses</span> 
     </span>
     <span class='ocr_line' id='line_1_9' title="bbox 175 843 1769 908; baseline -0.001 -16"><span class='ocrx_word' id='word_1_62' title='bbox 175 844 426 908; x_wconf 81' lang='lat' dir='ltr'>Theologi</span> <span class='ocrx_word' id='word_1_63' title='bbox 477 851 751 908; x_wconf 83' lang='lat' dir='ltr'>postquam</span> <span class='ocrx_word' id='word_1_64' title='bbox 811 844 1159 892; x_wconf 85' lang='lat' dir='ltr'>combussistis</span> <span class='ocrx_word' id='word_1_65' title='bbox 1212 845 1368 892; x_wconf 90' lang='lat' dir='ltr'>libros</span> <span class='ocrx_word' id='word_1_66' title='bbox 1426 843 1769 899; x_wconf 85' lang='lat' dir='ltr'>haereticales,</span> 
     </span>
     <span class='ocr_line' id='line_1_10' title="bbox 175 910 1770 976; baseline -0.001 -17"><span class='ocrx_word' id='word_1_67' title='bbox 175 911 551 959; x_wconf 87' lang='lat' dir='ltr'>fructificabitis</span> <span class='ocrx_word' id='word_1_68' title='bbox 570 911 621 957; x_wconf 89' lang='lat' dir='ltr'>in</span> <span class='ocrx_word' id='word_1_69' title='bbox 641 912 852 959; x_wconf 89' lang='lat' dir='ltr'>ecclesia</span> <span class='ocrx_word' id='word_1_70' title='bbox 869 911 951 959; x_wconf 89' lang='lat' dir='ltr'>dei</span> <span class='ocrx_word' id='word_1_71' title='bbox 969 912 1325 976; x_wconf 85' lang='lat' dir='ltr'>praedicando,</span> <span class='ocrx_word' id='word_1_72' title='bbox 1343 910 1770 976; x_wconf 83' lang='lat' dir='ltr'>argumentando,</span> 
     </span>
     <span class='ocr_line' id='line_1_11' title="bbox 176 977 1768 1043; baseline -0.001 -18"><span class='ocrx_word' id='word_1_73' title='bbox 176 978 503 1043; x_wconf 90' lang='lat' dir='ltr'>disputando,</span> <span class='ocrx_word' id='word_1_74' title='bbox 534 995 692 1026; x_wconf 84' lang='lat' dir='ltr'>novas</span> <span class='ocrx_word' id='word_1_75' title='bbox 717 979 954 1026; x_wconf 87' lang='lat' dir='ltr'>materias</span> <span class='ocrx_word' id='word_1_76' title='bbox 988 980 1254 1027; x_wconf 91' lang='lat' dir='ltr'>scribendo</span> <span class='ocrx_word' id='word_1_77' title='bbox 1287 986 1341 1026; x_wconf 89' lang='lat' dir='ltr'>et</span> <span class='ocrx_word' id='word_1_78' title='bbox 1370 978 1495 1026; x_wconf 89' lang='lat' dir='ltr'>talia</span> <span class='ocrx_word' id='word_1_79' title='bbox 1521 977 1768 1026; x_wconf 88' lang='lat' dir='ltr'>faciendo.</span> 
     </span>
     <span class='ocr_line' id='line_1_12' title="bbox 178 1045 1774 1109; baseline -0.001 -16"><span class='ocrx_word' id='word_1_80' title='bbox 178 1045 262 1094; x_wconf 92' lang='lat' dir='ltr'>Sic</span> <span class='ocrx_word' id='word_1_81' title='bbox 298 1046 452 1093; x_wconf 85' lang='lat' dir='ltr'>faciat</span> <span class='ocrx_word' id='word_1_82' title='bbox 488 1045 620 1092; x_wconf 89' lang='lat' dir='ltr'>filius</span> <span class='ocrx_word' id='word_1_83' title='bbox 645 1045 726 1093; x_wconf 93' lang='lat' dir='ltr'>dei</span> <span class='ocrx_word' id='word_1_84' title='bbox 764 1045 1014 1101; x_wconf 85' lang='lat' dir='ltr'>Christus,</span> <span class='ocrx_word' id='word_1_85' title='bbox 1040 1046 1128 1109; x_wconf 92' lang='lat' dir='ltr'>qui</span> <span class='ocrx_word' id='word_1_86' title='bbox 1166 1047 1231 1094; x_wconf 90' lang='lat' dir='ltr'>sit</span> <span class='ocrx_word' id='word_1_87' title='bbox 1256 1046 1431 1094; x_wconf 91' lang='lat' dir='ltr'>volens</span> <span class='ocrx_word' id='word_1_88' title='bbox 1465 1045 1688 1094; x_wconf 90' lang='lat' dir='ltr'>clemens</span> <span class='ocrx_word' id='word_1_89' title='bbox 1721 1050 1774 1092; x_wconf 90' lang='lat' dir='ltr'>et</span> 
     </span>
     <span class='ocr_line' id='line_1_13' title="bbox 175 1112 702 1177; baseline 0 -17"><span class='ocrx_word' id='word_1_90' title='bbox 175 1112 440 1177; x_wconf 86' lang='lat' dir='ltr'>propitius.</span> <span class='ocrx_word' id='word_1_91' title='bbox 513 1113 702 1160; x_wconf 84' lang='lat' dir='ltr'>Amen.</span> 
     </span>
    </p>
   </div>
   <div class='ocr_carea' id='block_1_3' title="bbox 420 1196 1520 1246">
    <p class='ocr_par' dir='ltr' id='par_1_3' title="bbox 420 1196 1520 1246">
     <span class='ocr_line' id='line_1_14' title="bbox 420 1196 1520 1246; baseline 0.001 -14"><span class='ocrx_word' id='word_1_92' title='bbox 420 1196 572 1232; x_wconf 86' lang='lat' dir='ltr'>Datum</span> <span class='ocrx_word' id='word_1_93' title='bbox 598 1196 730 1233; x_wconf 91' lang='lat' dir='ltr'>Perlin</span> <span class='ocrx_word' id='word_1_94' title='bbox 752 1199 792 1233; x_wconf 88' lang='lat' dir='ltr'>in</span> <span class='ocrx_word' id='word_1_95' title='bbox 816 1196 1007 1243; x_wconf 83' lang='lat' dir='ltr'>Marchia,</span> <span class='ocrx_word' id='word_1_96' title='bbox 1030 1197 1096 1232; x_wconf 91' lang='lat' dir='ltr'>ubi</span> <span class='ocrx_word' id='word_1_97' title='bbox 1118 1200 1213 1233; x_wconf 90' lang='lat' dir='ltr'>sunt</span> <span class='ocrx_word' id='word_1_98' title='bbox 1232 1197 1336 1233; x_wconf 85' lang='lat' dir='ltr'>bona</span> <span class='ocrx_word' id='word_1_99' title='bbox 1357 1196 1520 1246; x_wconf 89' lang='lat' dir='ltr'>piscalia</span> 
     </span>
    </p>
   </div>
   <div class='ocr_carea' id='block_1_4' title="bbox 872 1382 1078 1429">
    <p class='ocr_par' dir='ltr' id='par_1_4' title="bbox 872 1382 1078 1429">
     <span class='ocr_line' id='line_1_15' title="bbox 872 1382 1078 1429; baseline -0.005 0"><span class='ocrx_word' id='word_1_100' title='bbox 872 1382 1078 1429; x_wconf 84' lang='lat' dir='ltr'>XXIII</span> 
     </span>
    </p>
   </div>
   <div class='ocr_carea' id='block_1_5' title="bbox 352 1514 1600 1645">
    <p class='ocr_par' dir='ltr' id='par_1_5' title="bbox 352 1514 1600 1645">
     <span class='ocr_line' id='line_1_16' title="bbox 352 1514 1600 1564; baseline -0.002 0"><span class='ocrx_word' id='word_1_101' title='bbox 352 1516 415 1564; x_wconf 76' lang='grc' dir='ltr'>ΙΓ.</span> <span class='ocrx_word' id='word_1_102' title='bbox 453 1516 531 1563; x_wconf 80' lang='lat' dir='ltr'>M.</span> <span class='ocrx_word' id='word_1_103' title='bbox 570 1515 1134 1562; x_wconf 77' lang='lat' dir='ltr'><em>BERTHOLDUS</em></span> <span class='ocrx_word' id='word_1_104' title='bbox 1162 1515 1282 1561; x_wconf 83' lang='grc' dir='ltr'>ΗΑ</span> <span class='ocrx_word' id='word_1_105' title='bbox 1295 1514 1600 1563; x_wconf 78' lang='lat' dir='ltr'><em>CKSTRO</em></span> 
     </span>
     <span class='ocr_line' id='line_1_17' title="bbox 609 1582 1352 1645; baseline 0.001 -16"><span class='ocrx_word' id='word_1_106' title='bbox 609 1582 866 1645; x_wconf 66' lang='lat' dir='ltr'>sslagister</span> <span class='ocrx_word' id='word_1_107' title='bbox 905 1582 1122 1630; x_wconf 69' lang='lat' dir='ltr'>Ortvc&#39;no</span> <span class='ocrx_word' id='word_1_108' title='bbox 1162 1582 1352 1630; x_wconf 78' lang='lat' dir='ltr'>Gratio</span> 
     </span>
    </p>
   </div>
   <div class='ocr_carea' id='block_1_6' title="bbox 289 1714 1780 1764">
    <p class='ocr_par' dir='ltr' id='par_1_6' title="bbox 289 1714 1780 1764">
     <span class='ocr_line' id='line_1_18' title="bbox 289 1714 1780 1764; baseline -0.001 0"><span class='ocrx_word' id='word_1_109' title='bbox 289 1716 831 1764; x_wconf 84' lang='lat' dir='ltr'><strong>RATERNALEM</strong></span> <span class='ocrx_word' id='word_1_110' title='bbox 859 1715 1187 1764; x_wconf 90' lang='lat' dir='ltr'>dilectionem</span> <span class='ocrx_word' id='word_1_111' title='bbox 1212 1715 1325 1763; x_wconf 94' lang='lat' dir='ltr'>loco</span> <span class='ocrx_word' id='word_1_112' title='bbox 1352 1714 1555 1763; x_wconf 88' lang='lat' dir='ltr'>Salutis.</span> <span class='ocrx_word' id='word_1_113' title='bbox 1630 1715 1780 1762; x_wconf 91' lang='lat' dir='ltr'>Hon-</span> 
     </span>
    </p>
   </div>
   <div class='ocr_carea' id='block_1_7' title="bbox 179 1781 1785 2854">
    <p class='ocr_par' dir='ltr' id='par_1_7' title="bbox 179 1781 1785 2854">
     <span class='ocr_line' id='line_1_19' title="bbox 323 1781 1780 1846; baseline -0.001 -15"><span class='ocrx_word' id='word_1_114' title='bbox 323 1784 523 1831; x_wconf 89' lang='lat' dir='ltr'>orabilis</span> <span class='ocrx_word' id='word_1_115' title='bbox 578 1783 667 1840; x_wconf 85' lang='lat' dir='ltr'>vir‚</span> <span class='ocrx_word' id='word_1_116' title='bbox 719 1783 999 1831; x_wconf 88' lang='lat' dir='ltr'>secundum</span> <span class='ocrx_word' id='word_1_117' title='bbox 1058 1783 1199 1846; x_wconf 94' lang='lat' dir='ltr'>quod</span> <span class='ocrx_word' id='word_1_118' title='bbox 1256 1781 1438 1845; x_wconf 84' lang='lat' dir='ltr'>reliqui</span> <span class='ocrx_word' id='word_1_119' title='bbox 1497 1781 1780 1839; x_wconf 86' lang='lat' dir='ltr'>vobiscum,</span> 
     </span>
     <span class='ocr_line' id='line_1_20' title="bbox 179 1849 1781 1915; baseline -0.001 -17"><span class='ocrx_word' id='word_1_120' title='bbox 179 1850 320 1915; x_wconf 92' lang='lat' dir='ltr'>quod</span> <span class='ocrx_word' id='word_1_121' title='bbox 345 1851 462 1898; x_wconf 80' lang='lat' dir='ltr'>volo</span> <span class='ocrx_word' id='word_1_122' title='bbox 487 1850 629 1898; x_wconf 86' lang='lat' dir='ltr'>vobis</span> <span class='ocrx_word' id='word_1_123' title='bbox 665 1850 928 1898; x_wconf 89' lang='lat' dir='ltr'>notificare</span> <span class='ocrx_word' id='word_1_124' title='bbox 961 1850 1162 1914; x_wconf 85' lang='lat' dir='ltr'>singula</span> <span class='ocrx_word' id='word_1_125' title='bbox 1194 1856 1246 1898; x_wconf 88' lang='lat' dir='ltr'>et</span> <span class='ocrx_word' id='word_1_126' title='bbox 1279 1850 1494 1897; x_wconf 88' lang='lat' dir='ltr'>scribere</span> <span class='ocrx_word' id='word_1_127' title='bbox 1518 1849 1781 1913; x_wconf 92' lang='lat' dir='ltr'>quomodo</span> 
     </span>
     <span class='ocr_line' id='line_1_21' title="bbox 179 1917 1782 1982; baseline -0.002 -16"><span class='ocrx_word' id='word_1_128' title='bbox 179 1925 272 1966; x_wconf 87' lang='lat' dir='ltr'>sto.</span> <span class='ocrx_word' id='word_1_129' title='bbox 348 1917 488 1966; x_wconf 89' lang='lat' dir='ltr'>Scire</span> <span class='ocrx_word' id='word_1_130' title='bbox 521 1918 718 1967; x_wconf 90' lang='lat' dir='ltr'>debetis</span> <span class='ocrx_word' id='word_1_131' title='bbox 751 1918 891 1982; x_wconf 92' lang='lat' dir='ltr'>quod</span> <span class='ocrx_word' id='word_1_132' title='bbox 924 1934 1062 1965; x_wconf 91' lang='lat' dir='ltr'>nunc</span> <span class='ocrx_word' id='word_1_133' title='bbox 1101 1917 1176 1965; x_wconf 85' lang='lat' dir='ltr'>fui</span> <span class='ocrx_word' id='word_1_134' title='bbox 1208 1933 1297 1981; x_wconf 93' lang='lat' dir='ltr'>per</span> <span class='ocrx_word' id='word_1_135' title='bbox 1328 1917 1457 1964; x_wconf 89' lang='lat' dir='ltr'>duos</span> <span class='ocrx_word' id='word_1_136' title='bbox 1494 1932 1692 1964; x_wconf 87' lang='lat' dir='ltr'>menses</span> <span class='ocrx_word' id='word_1_137' title='bbox 1729 1917 1782 1964; x_wconf 92' lang='lat' dir='ltr'>in</span> 
     </span>
     <span class='ocr_line' id='line_1_22' title="bbox 180 1984 1782 2050; baseline -0.001 -17"><span class='ocrx_word' id='word_1_138' title='bbox 180 1985 326 2033; x_wconf 90' lang='lat' dir='ltr'>Urbe</span> <span class='ocrx_word' id='word_1_139' title='bbox 364 1985 550 2042; x_wconf 86' lang='lat' dir='ltr'>Roma,</span> <span class='ocrx_word' id='word_1_140' title='bbox 575 1991 629 2033; x_wconf 91' lang='lat' dir='ltr'>et</span> <span class='ocrx_word' id='word_1_141' title='bbox 664 2001 769 2032; x_wconf 90' lang='lat' dir='ltr'>non</span> <span class='ocrx_word' id='word_1_142' title='bbox 802 2001 1010 2050; x_wconf 90' lang='lat' dir='ltr'>possum</span> <span class='ocrx_word' id='word_1_143' title='bbox 1047 1985 1232 2032; x_wconf 90' lang='lat' dir='ltr'>habere</span> <span class='ocrx_word' id='word_1_144' title='bbox 1265 1991 1554 2048; x_wconf 89' lang='lat' dir='ltr'>patronum.</span> <span class='ocrx_word' id='word_1_145' title='bbox 1630 1984 1782 2032; x_wconf 88' lang='lat' dir='ltr'>Unus</span> 
     </span>
     <span class='ocr_line' id='line_1_23' title="bbox 179 2050 1783 2116; baseline 0 -16"><span class='ocrx_word' id='word_1_146' title='bbox 179 2052 383 2100; x_wconf 88' lang='lat' dir='ltr'>auditor</span> <span class='ocrx_word' id='word_1_147' title='bbox 410 2053 579 2101; x_wconf 85' lang='lat' dir='ltr'>Rotae</span> <span class='ocrx_word' id='word_1_148' title='bbox 606 2052 772 2100; x_wconf 88' lang='lat' dir='ltr'>voluit</span> <span class='ocrx_word' id='word_1_149' title='bbox 797 2068 881 2100; x_wconf 93' lang='lat' dir='ltr'>me</span> <span class='ocrx_word' id='word_1_150' title='bbox 906 2051 1173 2116; x_wconf 88' lang='lat' dir='ltr'>suscipere.</span> <span class='ocrx_word' id='word_1_151' title='bbox 1247 2052 1397 2098; x_wconf 88' lang='lat' dir='ltr'>Tunc</span> <span class='ocrx_word' id='word_1_152' title='bbox 1427 2051 1501 2098; x_wconf 88' lang='lat' dir='ltr'>fui</span> <span class='ocrx_word' id='word_1_153' title='bbox 1531 2050 1696 2098; x_wconf 89' lang='lat' dir='ltr'>laetus</span> <span class='ocrx_word' id='word_1_154' title='bbox 1729 2058 1783 2100; x_wconf 93' lang='lat' dir='ltr'>et</span> 
     </span>
     <span class='ocr_line' id='line_1_24' title="bbox 179 2119 1783 2183; baseline -0.001 -16"><span class='ocrx_word' id='word_1_155' title='bbox 179 2119 286 2167; x_wconf 90' lang='lat' dir='ltr'>dixi</span> <span class='ocrx_word' id='word_1_156' title='bbox 319 2128 346 2146; x_wconf 78' lang='lat'>‘⁶</span> <span class='ocrx_word' id='word_1_157' title='bbox 366 2120 507 2167; x_wconf 91' lang='lat' dir='ltr'>Bene</span> <span class='ocrx_word' id='word_1_158' title='bbox 544 2126 635 2176; x_wconf 87' lang='lat' dir='ltr'>est,</span> <span class='ocrx_word' id='word_1_159' title='bbox 661 2120 884 2176; x_wconf 87' lang='lat' dir='ltr'>domine,</span> <span class='ocrx_word' id='word_1_160' title='bbox 911 2120 997 2167; x_wconf 88' lang='lat' dir='ltr'>sed</span> <span class='ocrx_word' id='word_1_161' title='bbox 1035 2119 1418 2183; x_wconf 86' lang='lat' dir='ltr'>magnificentia</span> <span class='ocrx_word' id='word_1_162' title='bbox 1453 2125 1622 2166; x_wconf 90' lang='lat' dir='ltr'>vestra</span> <span class='ocrx_word' id='word_1_163' title='bbox 1658 2119 1783 2167; x_wconf 86' lang='lat' dir='ltr'>velit</span> 
     </span>
     <span class='ocr_line' id='line_1_25' title="bbox 181 2185 1782 2251; baseline -0.001 -17"><span class='ocrx_word' id='word_1_164' title='bbox 181 2187 307 2234; x_wconf 90' lang='lat' dir='ltr'>mihi</span> <span class='ocrx_word' id='word_1_165' title='bbox 332 2187 497 2234; x_wconf 88' lang='lat' dir='ltr'>dicere</span> <span class='ocrx_word' id='word_1_166' title='bbox 522 2187 662 2250; x_wconf 92' lang='lat' dir='ltr'>quod</span> <span class='ocrx_word' id='word_1_167' title='bbox 687 2187 849 2234; x_wconf 89' lang='lat' dir='ltr'>debeo</span> <span class='ocrx_word' id='word_1_168' title='bbox 873 2187 1083 2235; x_wconf 86' lang='lat' dir='ltr'>facere.”</span> <span class='ocrx_word' id='word_1_169' title='bbox 1142 2185 1432 2251; x_wconf 89' lang='lat' dir='ltr'>Respondit</span> <span class='ocrx_word' id='word_1_170' title='bbox 1457 2186 1596 2248; x_wconf 90' lang='lat' dir='ltr'>quod</span> <span class='ocrx_word' id='word_1_171' title='bbox 1621 2185 1782 2234; x_wconf 91' lang='lat' dir='ltr'>debeo</span> 
     </span>
     <span class='ocr_line' id='line_1_26' title="bbox 180 2251 1783 2309; baseline -0.001 -7"><span class='ocrx_word' id='word_1_172' title='bbox 180 2270 288 2302; x_wconf 90' lang='lat' dir='ltr'>esse</span> <span class='ocrx_word' id='word_1_173' title='bbox 312 2253 365 2301; x_wconf 92' lang='lat' dir='ltr'>in</span> <span class='ocrx_word' id='word_1_174' title='bbox 389 2254 592 2301; x_wconf 91' lang='lat' dir='ltr'>stabulo</span> <span class='ocrx_word' id='word_1_175' title='bbox 616 2260 670 2301; x_wconf 88' lang='lat' dir='ltr'>et</span> <span class='ocrx_word' id='word_1_176' title='bbox 693 2271 856 2302; x_wconf 91' lang='lat' dir='ltr'>unum</span> <span class='ocrx_word' id='word_1_177' title='bbox 882 2254 1086 2302; x_wconf 88' lang='lat' dir='ltr'>mulum</span> <span class='ocrx_word' id='word_1_178' title='bbox 1112 2269 1308 2301; x_wconf 89' lang='lat' dir='ltr'>servare</span> <span class='ocrx_word' id='word_1_179' title='bbox 1332 2254 1385 2301; x_wconf 93' lang='lat' dir='ltr'>in</span> <span class='ocrx_word' id='word_1_180' title='bbox 1404 2251 1597 2309; x_wconf 88' lang='lat' dir='ltr'>ordine,</span> <span class='ocrx_word' id='word_1_181' title='bbox 1615 2253 1783 2301; x_wconf 91' lang='lat' dir='ltr'>dando</span> 
     </span>
     <span class='ocr_line' id='line_1_27' title="bbox 181 2320 1780 2384; baseline -0.001 -15"><span class='ocrx_word' id='word_1_182' title='bbox 181 2322 228 2370; x_wconf 91' lang='lat' dir='ltr'>ei</span> <span class='ocrx_word' id='word_1_183' title='bbox 264 2321 528 2369; x_wconf 88' lang='lat' dir='ltr'>comedere</span> <span class='ocrx_word' id='word_1_184' title='bbox 564 2327 616 2368; x_wconf 93' lang='lat' dir='ltr'>et</span> <span class='ocrx_word' id='word_1_185' title='bbox 652 2322 839 2378; x_wconf 78' lang='lat' dir='ltr'>bibere,</span> <span class='ocrx_word' id='word_1_186' title='bbox 872 2327 925 2369; x_wconf 89' lang='lat' dir='ltr'>et</span> <span class='ocrx_word' id='word_1_187' title='bbox 961 2321 1260 2384; x_wconf 85' lang='lat' dir='ltr'>strigilando</span> <span class='ocrx_word' id='word_1_188' title='bbox 1295 2326 1350 2368; x_wconf 87' lang='lat' dir='ltr'>et</span> <span class='ocrx_word' id='word_1_189' title='bbox 1386 2320 1780 2368; x_wconf 81' lang='lat' dir='ltr'>mundificando,</span> 
     </span>
     <span class='ocr_line' id='line_1_28' title="bbox 183 2387 1784 2453; baseline -0.001 -17"><span class='ocrx_word' id='word_1_190' title='bbox 183 2389 258 2436; x_wconf 90' lang='lat' dir='ltr'>Et</span> <span class='ocrx_word' id='word_1_191' title='bbox 295 2387 502 2452; x_wconf 90' lang='lat' dir='ltr'>quando</span> <span class='ocrx_word' id='word_1_192' title='bbox 539 2388 646 2453; x_wconf 90' lang='lat' dir='ltr'>ipse</span> <span class='ocrx_word' id='word_1_193' title='bbox 671 2388 784 2437; x_wconf 91' lang='lat' dir='ltr'>vult</span> <span class='ocrx_word' id='word_1_194' title='bbox 823 2388 1066 2452; x_wconf 89' lang='lat' dir='ltr'>equitare,</span> <span class='ocrx_word' id='word_1_195' title='bbox 1110 2388 1250 2452; x_wconf 92' lang='lat' dir='ltr'>quod</span> <span class='ocrx_word' id='word_1_196' title='bbox 1289 2388 1354 2435; x_wconf 90' lang='lat' dir='ltr'>sit</span> <span class='ocrx_word' id='word_1_197' title='bbox 1394 2393 1613 2451; x_wconf 86' lang='lat' dir='ltr'>paratus.</span> <span class='ocrx_word' id='word_1_198' title='bbox 1710 2387 1784 2434; x_wconf 90' lang='lat' dir='ltr'>Et</span> 
     </span>
     <span class='ocr_line' id='line_1_29' title="bbox 183 2454 1784 2519; baseline -0.001 -15"><span class='ocrx_word' id='word_1_199' title='bbox 183 2456 369 2504; x_wconf 90' lang='lat' dir='ltr'>habeat</span> <span class='ocrx_word' id='word_1_200' title='bbox 406 2455 611 2503; x_wconf 85' lang='lat' dir='ltr'>frenum</span> <span class='ocrx_word' id='word_1_201' title='bbox 653 2463 705 2504; x_wconf 87' lang='lat' dir='ltr'>et</span> <span class='ocrx_word' id='word_1_202' title='bbox 745 2455 927 2504; x_wconf 86' lang='lat' dir='ltr'>sellum</span> <span class='ocrx_word' id='word_1_203' title='bbox 964 2461 1016 2504; x_wconf 88' lang='lat' dir='ltr'>et</span> <span class='ocrx_word' id='word_1_204' title='bbox 1041 2456 1226 2503; x_wconf 92' lang='lat' dir='ltr'>omnia.</span> <span class='ocrx_word' id='word_1_205' title='bbox 1299 2455 1374 2502; x_wconf 88' lang='lat' dir='ltr'>Et</span> <span class='ocrx_word' id='word_1_206' title='bbox 1408 2461 1588 2519; x_wconf 87' lang='lat' dir='ltr'>postea</span> <span class='ocrx_word' id='word_1_207' title='bbox 1622 2454 1784 2502; x_wconf 91' lang='lat' dir='ltr'>debeo</span> 
     </span>
     <span class='ocr_line' id='line_1_30' title="bbox 184 2521 1781 2571; baseline -0.001 -1"><span class='ocrx_word' id='word_1_208' title='bbox 184 2539 383 2571; x_wconf 91' lang='lat' dir='ltr'>currere</span> <span class='ocrx_word' id='word_1_209' title='bbox 408 2529 460 2571; x_wconf 92' lang='lat' dir='ltr'>et</span> <span class='ocrx_word' id='word_1_210' title='bbox 487 2539 606 2570; x_wconf 92' lang='lat' dir='ltr'>cum</span> <span class='ocrx_word' id='word_1_211' title='bbox 631 2539 691 2571; x_wconf 94' lang='lat' dir='ltr'>eo</span> <span class='ocrx_word' id='word_1_212' title='bbox 718 2523 781 2570; x_wconf 93' lang='lat' dir='ltr'>ad</span> <span class='ocrx_word' id='word_1_213' title='bbox 805 2522 1121 2570; x_wconf 83' lang='lat' dir='ltr'>audientiam</span> <span class='ocrx_word' id='word_1_214' title='bbox 1154 2529 1207 2571; x_wconf 95' lang='lat' dir='ltr'>et</span> <span class='ocrx_word' id='word_1_215' title='bbox 1239 2523 1426 2570; x_wconf 90' lang='lat' dir='ltr'>iterum</span> <span class='ocrx_word' id='word_1_216' title='bbox 1463 2521 1527 2568; x_wconf 90' lang='lat' dir='ltr'>ad</span> <span class='ocrx_word' id='word_1_217' title='bbox 1551 2521 1781 2569; x_wconf 90' lang='lat' dir='ltr'>domum.</span> 
     </span>
     <span class='ocr_line' id='line_1_31' title="bbox 184 2589 1785 2654; baseline -0.002 -16"><span class='ocrx_word' id='word_1_218' title='bbox 184 2590 303 2654; x_wconf 83' lang='lat' dir='ltr'>Ego</span> <span class='ocrx_word' id='word_1_219' title='bbox 329 2589 434 2637; x_wconf 87' lang='lat' dir='ltr'>dixi</span> <span class='ocrx_word' id='word_1_220' title='bbox 466 2590 606 2653; x_wconf 90' lang='lat' dir='ltr'>quod</span> <span class='ocrx_word' id='word_1_221' title='bbox 638 2607 741 2638; x_wconf 91' lang='lat' dir='ltr'>non</span> <span class='ocrx_word' id='word_1_222' title='bbox 772 2596 849 2638; x_wconf 87' lang='lat' dir='ltr'>est</span> <span class='ocrx_word' id='word_1_223' title='bbox 885 2607 977 2654; x_wconf 91' lang='lat' dir='ltr'>pro</span> <span class='ocrx_word' id='word_1_224' title='bbox 1003 2606 1101 2647; x_wconf 87' lang='lat' dir='ltr'>me,</span> <span class='ocrx_word' id='word_1_225' title='bbox 1133 2589 1273 2653; x_wconf 92' lang='lat' dir='ltr'>quod</span> <span class='ocrx_word' id='word_1_226' title='bbox 1310 2605 1423 2636; x_wconf 89' lang='lat' dir='ltr'>sum</span> <span class='ocrx_word' id='word_1_227' title='bbox 1457 2594 1510 2635; x_wconf 90' lang='lat' dir='ltr'>et</span> <span class='ocrx_word' id='word_1_228' title='bbox 1542 2589 1785 2651; x_wconf 85' lang='lat' dir='ltr'>magister</span> 
     </span>
     <span class='ocr_line' id='line_1_32' title="bbox 185 2655 1784 2721; baseline -0.002 -17"><span class='ocrx_word' id='word_1_229' title='bbox 185 2657 323 2704; x_wconf 75' lang='lat' dir='ltr'>arcisi</span> <span class='ocrx_word' id='word_1_230' title='bbox 366 2657 684 2705; x_wconf 90' lang='lat' dir='ltr'>Coloniensis</span> <span class='ocrx_word' id='word_1_231' title='bbox 732 2664 784 2705; x_wconf 89' lang='lat' dir='ltr'>et</span> <span class='ocrx_word' id='word_1_232' title='bbox 832 2674 932 2705; x_wconf 91' lang='lat' dir='ltr'>non</span> <span class='ocrx_word' id='word_1_233' title='bbox 980 2673 1188 2721; x_wconf 85' lang='lat' dir='ltr'>possum</span> <span class='ocrx_word' id='word_1_234' title='bbox 1236 2655 1359 2703; x_wconf 89' lang='lat' dir='ltr'>talia</span> <span class='ocrx_word' id='word_1_235' title='bbox 1405 2655 1584 2702; x_wconf 88' lang='lat' dir='ltr'>facere.</span> <span class='ocrx_word' id='word_1_236' title='bbox 1681 2655 1784 2702; x_wconf 88' lang='lat' dir='ltr'>Re-</span> 
     </span>
     <span class='ocr_line' id='line_1_33' title="bbox 185 2721 1784 2788; baseline -0.003 -16"><span class='ocrx_word' id='word_1_237' title='bbox 185 2723 392 2788; x_wconf 90' lang='lat' dir='ltr'>spondit</span> <span class='ocrx_word' id='word_1_238' title='bbox 417 2723 547 2788; x_wconf 90' lang='lat' dir='ltr'>ipse:</span> <span class='ocrx_word' id='word_1_239' title='bbox 585 2732 614 2751; x_wconf 75' lang='lat'>‘⁶</span> <span class='ocrx_word' id='word_1_240' title='bbox 633 2724 687 2772; x_wconf 90' lang='lat' dir='ltr'>Si</span> <span class='ocrx_word' id='word_1_241' title='bbox 720 2741 824 2772; x_wconf 91' lang='lat' dir='ltr'>non</span> <span class='ocrx_word' id='word_1_242' title='bbox 848 2725 922 2772; x_wconf 87' lang='lat' dir='ltr'>vis</span> <span class='ocrx_word' id='word_1_243' title='bbox 957 2724 1138 2780; x_wconf 77' lang='lat' dir='ltr'>facere,</span> <span class='ocrx_word' id='word_1_244' title='bbox 1163 2730 1317 2771; x_wconf 89' lang='lat' dir='ltr'>tuum</span> <span class='ocrx_word' id='word_1_245' title='bbox 1348 2722 1640 2769; x_wconf 86' lang='lat' dir='ltr'>damnum.”</span> <span class='ocrx_word' id='word_1_246' title='bbox 1710 2721 1784 2768; x_wconf 80' lang='lat' dir='ltr'>Et</span> 
     </span>
     <span class='ocr_line' id='line_1_34' title="bbox 186 2789 1785 2854; baseline -0.002 -16"><span class='ocrx_word' id='word_1_247' title='bbox 186 2791 255 2838; x_wconf 90' lang='lat' dir='ltr'>sic</span> <span class='ocrx_word' id='word_1_248' title='bbox 286 2791 435 2838; x_wconf 89' lang='lat' dir='ltr'>credo</span> <span class='ocrx_word' id='word_1_249' title='bbox 467 2791 607 2854; x_wconf 91' lang='lat' dir='ltr'>quod</span> <span class='ocrx_word' id='word_1_250' title='bbox 644 2791 761 2839; x_wconf 89' lang='lat' dir='ltr'>volo</span> <span class='ocrx_word' id='word_1_251' title='bbox 785 2791 975 2839; x_wconf 89' lang='lat' dir='ltr'>iterum</span> <span class='ocrx_word' id='word_1_252' title='bbox 1013 2791 1084 2838; x_wconf 90' lang='lat' dir='ltr'>ire</span> <span class='ocrx_word' id='word_1_253' title='bbox 1120 2790 1183 2837; x_wconf 90' lang='lat' dir='ltr'>ad</span> <span class='ocrx_word' id='word_1_254' title='bbox 1216 2789 1448 2854; x_wconf 89' lang='lat' dir='ltr'>patriam.</span> <span class='ocrx_word' id='word_1_255' title='bbox 1522 2789 1785 2836; x_wconf 90' lang='lat' dir='ltr'>Deberem</span> 
     </span>
    </p>
   </div>
   <div class='ocr_carea' id='block_1_8' title="bbox 187 2855 1831 2923">
    <p class='ocr_par' dir='ltr' id='par_1_8' title="bbox 187 2855 1831 2923">
     <span class='ocr_line' id='line_1_35' title="bbox 187 2855 1831 2923; baseline -0.002 -18"><span class='ocrx_word' id='word_1_256' title='bbox 187 2857 437 2922; x_wconf 86' lang='lat' dir='ltr'>strigilare</span> <span class='ocrx_word' id='word_1_257' title='bbox 472 2858 673 2905; x_wconf 92' lang='lat' dir='ltr'>mulum</span> <span class='ocrx_word' id='word_1_258' title='bbox 710 2864 761 2905; x_wconf 90' lang='lat' dir='ltr'>et</span> <span class='ocrx_word' id='word_1_259' title='bbox 794 2874 1011 2923; x_wconf 85' lang='lat' dir='ltr'>purgare</span> <span class='ocrx_word' id='word_1_260' title='bbox 1047 2857 1308 2905; x_wconf 87' lang='lat' dir='ltr'>stabulum</span> <span class='ocrx_word' id='word_1_261' title='bbox 1345 2872 1440 2919; x_wconf 86' lang='lat' dir='ltr'>ego</span> <span class='ocrx_word' id='word_1_262' title='bbox 1473 2856 1644 2919; x_wconf 88' lang='lat' dir='ltr'>potius</span> <span class='ocrx_word' id='word_1_263' title='bbox 1682 2855 1786 2904; x_wconf 79' lang='lat' dir='ltr'>vel·</span> <span class='ocrx_word' id='word_1_264' title='bbox 1824 2871 1831 2878; x_wconf 86' lang='lat'><strong>·</strong></span> 
     </span>
    </p>
   </div>
   <div class='ocr_carea' id='block_1_9' title="bbox 187 2954 1791 3188">
    <p class='ocr_par' dir='ltr' id='par_1_9' title="bbox 187 2954 1789 3049">
     <span class='ocr_line' id='line_1_36' title="bbox 235 2954 1788 3002; baseline -0.001 -13"><span class='ocrx_word' id='word_1_265' title='bbox 235 2955 261 2974; x_wconf 73' lang='lat'>⁴⁵</span> <span class='ocrx_word' id='word_1_266' title='bbox 281 2959 317 2989; x_wconf 51' lang='lat' dir='ltr'>in¹</span> <span class='ocrx_word' id='word_1_267' title='bbox 343 2968 424 2989; x_wconf 64' lang='lat' dir='ltr'>varo</span> <span class='ocrx_word' id='word_1_268' title='bbox 440 2958 549 2998; x_wconf 81' lang='lat' dir='ltr'>Jbro:</span> <span class='ocrx_word' id='word_1_269' title='bbox 573 2958 796 3002; x_wconf 80' lang='lat' dir='ltr'>expensive3</span> <span class='ocrx_word' id='word_1_270' title='bbox 826 2958 954 2992; x_wconf 81' lang='lat' dir='ltr'>“dear</span> <span class='ocrx_word' id='word_1_271' title='bbox 1022 2958 1060 2990; x_wconf 90' lang='lat' dir='ltr'>in</span> <span class='ocrx_word' id='word_1_272' title='bbox 1088 2956 1151 2990; x_wconf 89' lang='lat' dir='ltr'>the</span> <span class='ocrx_word' id='word_1_273' title='bbox 1178 2955 1265 2988; x_wconf 85' lang='lat' dir='ltr'>land</span> <span class='ocrx_word' id='word_1_274' title='bbox 1295 2955 1359 2988; x_wconf 84' lang='lat' dir='ltr'>the</span> <span class='ocrx_word' id='word_1_275' title='bbox 1389 2954 1560 3000; x_wconf 85' lang='lat' dir='ltr'>majority</span> <span class='ocrx_word' id='word_1_276' title='bbox 1585 2955 1628 2989; x_wconf 85' lang='lat' dir='ltr'>of</span> <span class='ocrx_word' id='word_1_277' title='bbox 1651 2966 1788 2989; x_wconf 83' lang='lat' dir='ltr'>canons</span> 
     </span>
     <span class='ocr_line' id='line_1_37' title="bbox 187 3001 1789 3049; baseline -0.001 -11"><span class='ocrx_word' id='word_1_278' title='bbox 187 3004 324 3049; x_wconf 84' lang='lat' dir='ltr'>cheape</span> <span class='ocrx_word' id='word_1_279' title='bbox 337 3003 355 3017; x_wconf 83' lang='lat'>&#39;&#39;</span> <span class='ocrx_word' id='word_1_280' title='bbox 373 3003 414 3036; x_wconf 90' lang='lat' dir='ltr'>of</span> <span class='ocrx_word' id='word_1_281' title='bbox 428 3003 504 3037; x_wconf 83' lang='lat' dir='ltr'>fish.</span> <span class='ocrx_word' id='word_1_282' title='bbox 1022 3003 1093 3036; x_wconf 86' lang='lat' dir='ltr'>had</span> <span class='ocrx_word' id='word_1_283' title='bbox 1113 3003 1204 3036; x_wconf 88' lang='lat' dir='ltr'>been</span> <span class='ocrx_word' id='word_1_284' title='bbox 1222 3001 1342 3036; x_wconf 86' lang='lat' dir='ltr'>either</span> <span class='ocrx_word' id='word_1_285' title='bbox 1358 3001 1517 3035; x_wconf 81' lang='lat' dir='ltr'>hostlers</span> <span class='ocrx_word' id='word_1_286' title='bbox 1542 3003 1579 3035; x_wconf 89' lang='lat' dir='ltr'>in</span> <span class='ocrx_word' id='word_1_287' title='bbox 1605 3002 1722 3036; x_wconf 83' lang='lat' dir='ltr'>Rome</span> <span class='ocrx_word' id='word_1_288' title='bbox 1747 3013 1789 3036; x_wconf 86' lang='lat' dir='ltr'>or</span> 
     </span>
    </p>

    <p class='ocr_par' dir='ltr' id='par_1_10' title="bbox 188 3048 1791 3188">
     <span class='ocr_line' id='line_1_38' title="bbox 236 3048 1787 3090; baseline -0.001 -7"><span class='ocrx_word' id='word_1_289' title='bbox 236 3050 263 3069; x_wconf 81' lang='lat'>¹¹</span> <span class='ocrx_word' id='word_1_290' title='bbox 282 3052 424 3083; x_wconf 75' lang='lat' dir='ltr'>mulum.</span> <span class='ocrx_word' id='word_1_291' title='bbox 476 3050 502 3066; x_wconf 64' lang='lat'>‘&#39;‘</span> <span class='ocrx_word' id='word_1_292' title='bbox 516 3050 567 3083; x_wconf 85' lang='lat' dir='ltr'>As</span> <span class='ocrx_word' id='word_1_293' title='bbox 597 3049 672 3084; x_wconf 83' lang='lat' dir='ltr'>late</span> <span class='ocrx_word' id='word_1_294' title='bbox 701 3062 739 3083; x_wconf 79' lang='lat' dir='ltr'>as</span> <span class='ocrx_word' id='word_1_295' title='bbox 771 3051 859 3088; x_wconf 73' lang='lat'>1547</span> <span class='ocrx_word' id='word_1_296' title='bbox 889 3050 954 3084; x_wconf 78' lang='lat' dir='ltr'>the</span> <span class='ocrx_word' id='word_1_297' title='bbox 1021 3050 1165 3084; x_wconf 86' lang='lat' dir='ltr'>traders</span> <span class='ocrx_word' id='word_1_298' title='bbox 1183 3050 1220 3082; x_wconf 87' lang='lat' dir='ltr'>in</span> <span class='ocrx_word' id='word_1_299' title='bbox 1239 3048 1429 3090; x_wconf 82' lang='lat' dir='ltr'>benefices‚</span> <span class='ocrx_word' id='word_1_300' title='bbox 1444 3049 1524 3081; x_wconf 89' lang='lat' dir='ltr'>who</span> <span class='ocrx_word' id='word_1_301' title='bbox 1541 3060 1664 3084; x_wconf 86' lang='lat' dir='ltr'>scarce</span> <span class='ocrx_word' id='word_1_302' title='bbox 1680 3049 1787 3083; x_wconf 82' lang='lat' dir='ltr'>knew</span> 
     </span>
     <span class='ocr_line' id='line_1_39' title="bbox 190 3095 1791 3141; baseline -0.002 -9"><span class='ocrx_word' id='word_1_303' title='bbox 190 3098 352 3132; x_wconf 79' lang='lat' dir='ltr'>Primate</span> <span class='ocrx_word' id='word_1_304' title='bbox 380 3095 513 3131; x_wconf 91' lang='lat' dir='ltr'>Siliceo</span> <span class='ocrx_word' id='word_1_305' title='bbox 548 3097 590 3130; x_wconf 84' lang='lat' dir='ltr'>of</span> <span class='ocrx_word' id='word_1_306' title='bbox 617 3097 756 3131; x_wconf 81' lang='lat' dir='ltr'>Tuledo</span> <span class='ocrx_word' id='word_1_307' title='bbox 790 3098 953 3131; x_wconf 78' lang='lat' dir='ltr'>asserted</span> <span class='ocrx_word' id='word_1_308' title='bbox 1022 3095 1365 3141; x_wconf 78' lang='lat' dir='ltr'>grammarenough</span> <span class='ocrx_word' id='word_1_309' title='bbox 1377 3099 1416 3128; x_wconf 87' lang='lat' dir='ltr'>to</span> <span class='ocrx_word' id='word_1_310' title='bbox 1431 3095 1517 3129; x_wconf 87' lang='lat' dir='ltr'>read</span> <span class='ocrx_word' id='word_1_311' title='bbox 1530 3096 1628 3131; x_wconf 90' lang='lat' dir='ltr'>their</span> <span class='ocrx_word' id='word_1_312' title='bbox 1641 3095 1791 3130; x_wconf 84' lang='lat' dir='ltr'>hours.&#39;’</span> 
     </span>
     <span class='ocr_line' id='line_1_40' title="bbox 188 3143 1520 3188; baseline -0.002 -10"><span class='ocrx_word' id='word_1_313' title='bbox 188 3169 195 3178; x_wconf 91' lang='lat'>.</span> <span class='ocrx_word' id='word_1_314' title='bbox 224 3173 231 3180; x_wconf 90' lang='lat'>.</span> <span class='ocrx_word' id='word_1_315' title='bbox 260 3171 267 3178; x_wconf 92' lang='lat'><strong>.</strong></span> <span class='ocrx_word' id='word_1_316' title='bbox 293 3144 376 3178; x_wconf 81' lang='lat' dir='ltr'>that</span> <span class='ocrx_word' id='word_1_317' title='bbox 400 3144 438 3177; x_wconf 90' lang='lat' dir='ltr'>in</span> <span class='ocrx_word' id='word_1_318' title='bbox 461 3155 571 3188; x_wconf 83' lang='lat' dir='ltr'>every</span> <span class='ocrx_word' id='word_1_319' title='bbox 588 3144 776 3178; x_wconf 84' lang='lat' dir='ltr'>cathedral</span> <span class='ocrx_word' id='word_1_320' title='bbox 802 3145 954 3188; x_wconf 85' lang='lat' dir='ltr'>chapter</span> <span class='ocrx_word' id='word_1_321' title='bbox 1025 3144 1138 3177; x_wconf 77' lang='lat' dir='ltr'>Camb.</span> <span class='ocrx_word' id='word_1_322' title='bbox 1158 3144 1251 3177; x_wconf 77' lang='lat' dir='ltr'>Mod.</span> <span class='ocrx_word' id='word_1_323' title='bbox 1269 3144 1377 3185; x_wconf 58' lang='lat' dir='ltr'>Hist„</span> <span class='ocrx_word' id='word_1_324' title='bbox 1397 3143 1418 3175; x_wconf 86' lang='lat' dir='ltr'>i.</span> <span class='ocrx_word' id='word_1_325' title='bbox 1439 3144 1520 3180; x_wconf 76' lang='lat'><strong>(557.</strong></span> 
     </span>
    </p>
   </div>
   <div class='ocr_carea' id='block_1_10' title="bbox 955 3202 1043 3244">
    <p class='ocr_par' dir='ltr' id='par_1_11' title="bbox 955 3202 1043 3244">
     <span class='ocr_line' id='line_1_41' title="bbox 955 3202 1043 3244; baseline 0 -1"><span class='ocrx_word' id='word_1_326' title='bbox 955 3202 1043 3244; x_wconf 87' lang='lat'>181</span> 
     </span>
    </p>
   </div>
   <div class='ocr_carea' id='block_1_11' title="bbox 1805 660 1843 689">
    <p class='ocr_par' dir='ltr' id='par_1_12' title="bbox 1805 660 1843 689">
     <span class='ocr_line' id='line_1_42' title="bbox 1805 660 1843 689; baseline 0.026 -1"><span class='ocrx_word' id='word_1_327' title='bbox 1805 660 1843 689; x_wconf 85' lang='lat'>50</span> 
     </span>
    </p>
   </div>
   <div class='ocr_carea' id='block_1_12' title="bbox 1807 992 1845 1022">
    <p class='ocr_par' dir='ltr' id='par_1_13' title="bbox 1807 992 1845 1022">
     <span class='ocr_line' id='line_1_43' title="bbox 1807 992 1845 1022; baseline 0 0"><span class='ocrx_word' id='word_1_328' title='bbox 1807 992 1845 1022; x_wconf 83' lang='lat'>55</span> 
     </span>
    </p>
   </div>
   <div class='ocr_carea' id='block_1_13' title="bbox 1821 2201 1856 2230">
    <p class='ocr_par' dir='ltr' id='par_1_14' title="bbox 1821 2201 1856 2230">
     <span class='ocr_line' id='line_1_44' title="bbox 1821 2201 1856 2230; baseline 0 0"><span class='ocrx_word' id='word_1_329' title='bbox 1821 2201 1856 2230; x_wconf 91' lang='lat'>10</span> 
     </span>
    </p>
   </div>
   <div class='ocr_carea' id='block_1_14' title="bbox 1821 2533 1858 2563">
    <p class='ocr_par' dir='ltr' id='par_1_15' title="bbox 1821 2533 1858 2563">
     <span class='ocr_line' id='line_1_45' title="bbox 1821 2533 1858 2563; baseline 0.027 -1"><span class='ocrx_word' id='word_1_330' title='bbox 1821 2533 1858 2563; x_wconf 88' lang='lat'>15</span> 
     </span>
    </p>
   </div>
  </div>
 </body>
</html>
