2247 3637
197 288 226 327 1.
254 292 318 340 18]
559 278 887 334 PETRUS
940 276 1431 334 NEGELINUS

195 386 458 451 scripsistis
483 386 608 434 mihi
633 387 772 450 quod
792 386 947 434 vultis
966 385 1090 434 mihi
1110 384 1356 434 veraciter
1373 383 1594 439 mittere,
1615 390 1667 430 et
1686 399 1789 430 non

194 454 371 502 facitis,
446 454 594 501 Deus
619 460 790 518 parcat
817 454 975 508 vobis,
1001 453 1141 517 quod
1166 468 1269 499 non
1298 451 1508 515 diligitis
1533 467 1631 506 me,
1657 449 1789 498 sicut

195 527 246 568 et
272 538 367 585 ego
392 520 549 584 diligo
575 538 680 577 vos,
706 520 825 584 quia
850 520 968 568 estis
994 519 1118 567 mihi
1143 519 1277 567 sicut
1301 534 1386 566 cor
1422 534 1610 565 meum.
1687 516 1788 564 Sed
1825 534 1882 563 100

194 587 359 635 adhuc
380 588 598 635 mittatis
617 588 756 643 mihi,
777 587 898 652 quia
922 586 1166 635 desiderio
1191 585 1471 634 desideravi
1491 585 1586 632 hoc
1605 584 1791 648 pascha

195 655 502 702 manducare
541 655 821 710 vobiscum,
847 654 898 702 id
935 661 1011 702 est
1046 654 1204 702 istum
1239 652 1426 700 librum
1462 652 1642 716 legere.
1716 650 1788 697 Et

194 722 398 770 scribite
442 722 566 769 mihi
612 722 879 770 novitates.
967 721 1041 768 Et
1083 720 1238 769 semel
1286 719 1578 784 componite
1625 734 1789 765 unum

194 788 467 844 dictamen,
496 788 576 836 vel
608 789 777 853 aliqua
808 795 971 838 metra
1003 789 1066 836 de
1101 804 1184 835 me
1217 787 1256 836 si
1293 804 1407 835 sum
1444 786 1643 850 dignus.
1716 784 1790 832 Et

197 855 364 903 valete
388 855 440 903 in.
466 856 671 904 Christo
696 856 904 904 domino
928 856 1024 903 deo
1048 862 1240 910 nostro,
1268 871 1355 918 per
1387 853 1560 901 omnia
1591 851 1791 900 saecula
1824 865 1882 895 105

197 922 514 970 saeculorum
541 923 730 971 Amen.

892 1145 1096 1192 XVIII

450 1262 513 1309 11
562 1261 640 1309 M.
691 1262 801 1308 PE
810 1262 908 1309 ΤΕ
920 1262 1013 1309 US
1054 1259 1544 1309 NEGELINUS

655 1329 705 1376 S.
745 1329 816 1376 D.
845 1329 924 1376 M.
968 1329 1184 1376 Ortvz‘no
1224 1329 1323 1376 Gr.

322 1444 621 1492 UAMVIS
647 1445 795 1492 valde
818 1445 979 1492 timeo
1006 1462 1114 1493 esse
1149 1446 1221 1493 ita
1257 1445 1441 1499 audax,
1467 1443 1607 1507 quod
1637 1442 1798 1491 debeo

355 1512 497 1559 vobis
522 1513 788 1561 ostendere
807 1529 969 1560 unum
994 1513 1254 1560 dictamen
1284 1529 1312 1559 a
1336 1528 1418 1558 me
1436 1510 1798 1575 compositum,

198 1579 319 1642 quia
343 1595 432 1627 vos
458 1580 577 1627 estis
597 1579 742 1627 valde
762 1579 1034 1627 artificialis
1053 1580 1105 1626 in
1125 1578 1495 1644 compositione
1514 1584 1797 1625 metrorum
1836 1602 1855 1631 5

200 1653 253 1694 et
278 1646 709 1703 dictaminorum3
747 1647 836 1694 sed
865 1664 961 1711 ego
998 1664 1112 1694 sum
1150 1647 1282 1694 sicut
1319 1645 1549 1710 pusillus,
1577 1651 1629 1693 et
1665 1645 1799 1693 sicut

200 1714 326 1761 dicit
362 1713 681 1762 Hieremias:
721 1722 748 1740 ‘⁶
766 1715 836 1770 A,
863 1731 905 1770 a,
940 1732 983 1770 a,
1020 1714 1245 1770 domine,
1279 1713 1450 1761 nescio
1486 1712 1645 1776 loqui,
1679 1712 1799 1776 quia

198 1797 328 1845 puer
358 1797 453 1845 ego
486 1781 645 1828 sum.'’
714 1781 957 1845 Namque
994 1798 1090 1846 ego
1128 1781 1361 1829 nondum
1399 1780 1563 1828 habeo
1602 1780 1797 1828 bonum

198 1848 613 1904 fundamentum,
645 1854 697 1896 et
733 1865 837 1896 non
873 1865 988 1897 sum
1024 1849 1250 1913 perfecte
1285 1848 1568 1896 instructus
1604 1847 1655 1894 in
1692 1853 1800 1894 arte

197 1915 396 1980 poetria
420 1921 472 1963 et
500 1916 793 1964 Rhetorica.
866 1916 1124 1964 Attamen
1142 1917 1263 1980 quia
1282 1915 1480 1964 dixistis
1500 1915 1639 1970 olim,
1659 1915 1799 1978 quod
1835 1936 1873 1965 10

198 1983 438 2030 deberem
463 1983 606 2031 vobis
632 2000 938 2047 componere
964 1983 1104 2031 omni
1129 1985 1284 2031 modo
1313 1999 1477 2030 unum
1511 1998 1716 2030 carmen
1748 1987 1799 2029 et

198 2050 405 2097 mittere
434 2050 498 2097 ad
537 2067 642 2107 vos,
680 2056 807 2098 tunc
850 2051 1048 2099 velletis
1087 2051 1212 2099 mihi
1251 2050 1379 2099 illud
1417 2050 1705 2105 emendare,
1748 2055 1800 2096 et

199 2118 467 2166 ostendere
510 2118 598 2165 ubi
640 2124 761 2166 sunt
803 2117 939 2166 vitia.
1031 2118 1144 2166 Tsic
1191 2135 1289 2183 ego
1337 2116 1560 2182 cogitavi
1602 2132 1798 2181 nuper:

201 2192 229 2211 ‘⁶
248 2185 386 2232 Ecce
410 2185 506 2232 iste
531 2192 609 2233 est
632 2192 932 2250 praeceptor
954 2192 1093 2242 tuus,
1120 2192 1172 2234 et
1196 2186 1325 2233 bene
1350 2191 1501 2250 putat
1529 2191 1722 2240 tecum,
1747 2189 1800 2232 et

199 2259 260 2300 tu
285 2252 497 2300 deberes
522 2253 567 2301 ei
593 2253 814 2301 obedire.
889 2253 1008 2317 Ipse
1033 2253 1190 2301 etiam
1215 2260 1387 2318 potest
1414 2259 1468 2300 te
1500 2267 1801 2317 promovere
1834 2270 1872 2299 15

200 2319 253 2367 in
277 2319 369 2375 his,
395 2325 448 2368 et
472 2320 524 2367 in
549 2319 801 2368 omnibus.
874 2319 949 2368 Et
972 2327 1031 2368 tu
1056 2322 1248 2385 poteris
1274 2337 1496 2368 crescere
1513 2319 1566 2367 in
1585 2320 1799 2367 doctum

200 2386 382 2443 virum,
411 2387 450 2434 si
474 2387 588 2435 vult
613 2387 852 2435 dominus
881 2388 1023 2445 deus,
1049 2395 1100 2436 et
1130 2395 1301 2453 potest
1337 2388 1432 2436 tibi
1467 2388 1598 2435 bene
1634 2402 1800 2434 succe-

202 2455 321 2502 dere
346 2454 397 2501 in
421 2454 524 2503 tuis
549 2455 787 2519 negociis.
861 2455 1001 2511 Quia
1025 2455 1215 2520 legitur
1239 2456 1290 2503 in
1316 2456 1375 2503 .I.
1404 2455 1533 2502 libro
1561 2454 1798 2516 Regum:

203 2521 360 2569 ‘Plus
397 2522 534 2570 valet
569 2521 861 2570 obedientia
901 2540 1059 2587 quam
1096 2523 1336 2571 victimas
1357 2523 1382 2539 '’
1470 2522 1801 2585 Quapropter

203 2588 356 2636 mitto
393 2589 537 2636 vobis
579 2589 659 2637 hic
698 2606 861 2638 unum
897 2607 1080 2654 poema
1115 2607 1204 2654 per
1245 2607 1329 2638 me
1371 2588 1707 2652 compilatum
1748 2586 1801 2632 in
1835 2604 1873 2633 20

204 2656 410 2704 laudem
436 2656 597 2704 sancti
622 2657 779 2713 Petri,
807 2664 859 2704 et
884 2674 1016 2705 unus
1042 2658 1364 2722 componista
1400 2656 1488 2720 qui
1524 2661 1601 2702 est
1638 2654 1803 2701 bonus

250 2783 292 2802 ²⁰¹
317 2787 508 2819 desiderio:
535 2785 637 2819 Luke
655 2785 738 2818 xxii>
762 2787 815 2818 15.
1086 2783 1112 2803 1⁰
1135 2786 1296 2827 poetria:
1325 2795 1371 2816 an
1397 2782 1467 2826 adj.
1499 2781 1629 2815 coined
1660 2781 1706 2826 by
1732 2781 1803 2822 N.;

250 2831 263 2849 ¹
288 2833 401 2874 Neqeb
416 2844 427 2866 .·
451 2832 515 2866 the
529 2844 636 2866 name
650 2832 691 2865 of
702 2832 723 2849 “
736 2832 834 2876 Mag.
849 2831 969 2875 Nege-
1034 2834 1146 2874 poetri
1151 2842 1411 2874 118,--a,—w›1.

205 2878 256 2912 lin
271 2878 290 2888 ’'
310 2890 436 2912 occurs
454 2880 491 2912 in
509 2880 545 2914 ii.
565 2880 624 2922 58,
644 2879 710 2913 but
735 2879 782 2913 he
808 2880 837 2912 is
863 2879 968 2912 there

313 2925 319 2932 .
370 2926 376 2932 .
645 2927 651 2933 .
724 2927 731 2933 .
1086 2900 1112 2919 1⁸
1139 2903 1269 2944 Regum
1285 2912 1296 2934 .·
1316 2900 1331 2932 1
1349 2900 1442 2932 Sam.
1455 2909 1512 2931 xv.
1531 2898 1588 2931 22.
1630 2897 1806 2931 Samuel's

204 2926 246 2959 of
264 2925 409 2969 Leipsic.
451 2925 529 2960 The
546 2925 704 2960 alluslon
723 2938 752 2959 1s
770 2926 968 2960 unknown.

1038 2948 1179 2982 rebuke
1196 2952 1234 2981 to
1253 2946 1350 2980 Saul.

251 2971 263 2988 ⁶
289 2974 454 3006 dietam:
488 2984 533 3006 an
561 2972 784 3007 intentional
811 2972 970 3007 blunder

206 3020 261 3052 for
280 3019 300 3036 “
313 3019 593 3053 dictaminum.”
1087 3015 1114 3034 ²¹
1129 3017 1357 3058 f'omponista.
1377 3013 1453 3047 Not
1464 3012 1661 3047 elsewhere
1674 3013 1800 3047 found.

251 3065 263 3083 ⁷
292 3067 469 3099 Hierem:
502 3066 578 3100 Jer.
615 3067 637 3100 i.
675 3067 718 3108 63
758 3066 971 3100 Reuchlin’s
1040 3064 1099 3097 An
1126 3064 1291 3096 instance
1320 3061 1361 3094 of
1384 3061 1647 3106 “componist''
1676 3061 1714 3093 in
1742 3059 1807 3094 the

214 3114 463 3147 Vocahnlarius
491 3114 714 3156 Breviloquus
736 3113 864 3158 begins
884 3113 969 3146 with
1041 3122 1145 3145 sense
1184 3110 1225 3142 of
1257 3119 1446 3152 composer
1464 3107 1586 3151 (1609)
1606 3108 1635 3141 is
1653 3107 1750 3141 cited
1768 3108 1806 3141 in

206 3160 280 3194 this
299 3160 502 3204 quotation.
1040 3157 1104 3191 the
1122 3157 1167 3190 N.
1195 3156 1232 3189 E.
1252 3155 1296 3190 D.

982 3219 1038 3260 51
