<?xml version="1.0" encoding="UTF-8"?>
<!DOCTYPE html PUBLIC "-//W3C//DTD XHTML 1.0 Transitional//EN"
    "http://www.w3.org/TR/xhtml1/DTD/xhtml1-transitional.dtd">
<html xmlns="http://www.w3.org/1999/xhtml" xml:lang="en" lang="en">
 <head>
  <title>
</title>
<meta http-equiv="Content-Type" content="text/html;charset=utf-8" />
  <meta name='ocr-system' content='tesseract 3.04.00' />
  <meta name='ocr-capabilities' content='ocr_page ocr_carea ocr_par ocr_line ocrx_word'/>
</head>
<body>
  <div class='ocr_page' id='page_1' title='image "./epistolaeobscuro00huttuoft_0254.png"; bbox 0 0 2247 3637; ppageno 0'>
   <div class='ocr_carea' id='block_1_1' title="bbox 417 479 455 509">
    <p class='ocr_par' dir='ltr' id='par_1_1' title="bbox 417 479 455 509">
     <span class='ocr_line' id='line_1_1' title="bbox 417 479 455 509; baseline 0 0"><span class='ocrx_word' id='word_1_1' title='bbox 417 479 455 509; x_wconf 82' lang='lat'>55</span> 
     </span>
    </p>
   </div>
   <div class='ocr_carea' id='block_1_2' title="bbox 420 817 459 848">
    <p class='ocr_par' dir='ltr' id='par_1_2' title="bbox 420 817 459 848">
     <span class='ocr_line' id='line_1_2' title="bbox 420 817 459 848; baseline 0.026 -1"><span class='ocrx_word' id='word_1_2' title='bbox 420 817 459 848; x_wconf 90' lang='grc'>60</span> 
     </span>
    </p>
   </div>
   <div class='ocr_carea' id='block_1_3' title="bbox 421 1152 461 1182">
    <p class='ocr_par' dir='ltr' id='par_1_3' title="bbox 421 1152 461 1182">
     <span class='ocr_line' id='line_1_3' title="bbox 421 1152 461 1182; baseline 0.025 -1"><span class='ocrx_word' id='word_1_3' title='bbox 421 1152 461 1182; x_wconf 87' lang='grc'>65</span> 
     </span>
    </p>
   </div>
   <div class='ocr_carea' id='block_1_4' title="bbox 425 1486 462 1518">
    <p class='ocr_par' dir='ltr' id='par_1_4' title="bbox 425 1486 462 1518">
     <span class='ocr_line' id='line_1_4' title="bbox 425 1486 462 1518; baseline -0.054 0"><span class='ocrx_word' id='word_1_4' title='bbox 425 1486 462 1518; x_wconf 87' lang='grc'>70</span> 
     </span>
    </p>
   </div>
   <div class='ocr_carea' id='block_1_5' title="bbox 427 1821 466 1853">
    <p class='ocr_par' dir='ltr' id='par_1_5' title="bbox 427 1821 466 1853">
     <span class='ocr_line' id='line_1_5' title="bbox 427 1821 466 1853; baseline -0.051 0"><span class='ocrx_word' id='word_1_5' title='bbox 427 1821 466 1853; x_wconf 84' lang='grc'>75</span> 
     </span>
    </p>
   </div>
   <div class='ocr_carea' id='block_1_6' title="bbox 430 2156 469 2186">
    <p class='ocr_par' dir='ltr' id='par_1_6' title="bbox 430 2156 469 2186">
     <span class='ocr_line' id='line_1_6' title="bbox 430 2156 469 2186; baseline -0.026 0"><span class='ocrx_word' id='word_1_6' title='bbox 430 2156 469 2186; x_wconf 89' lang='grc'>80</span> 
     </span>
    </p>
   </div>
   <div class='ocr_carea' id='block_1_7' title="bbox 432 2489 471 2519">
    <p class='ocr_par' dir='ltr' id='par_1_7' title="bbox 432 2489 471 2519">
     <span class='ocr_line' id='line_1_7' title="bbox 432 2489 471 2519; baseline 0 0"><span class='ocrx_word' id='word_1_7' title='bbox 432 2489 471 2519; x_wconf 88' lang='grc'>85</span> 
     </span>
    </p>
   </div>
   <div class='ocr_carea' id='block_1_8' title="bbox 489 215 2078 274">
    <p class='ocr_par' dir='ltr' id='par_1_8' title="bbox 489 215 2078 274">
     <span class='ocr_line' id='line_1_8' title="bbox 489 215 2078 274; baseline 0 -3"><span class='ocrx_word' id='word_1_8' title='bbox 489 216 959 272; x_wconf 83' lang='lat' dir='ltr'><strong>EPISTOLAE</strong></span> <span class='ocrx_word' id='word_1_9' title='bbox 1020 216 1611 274; x_wconf 81' lang='lat' dir='ltr'>OBSCURORUM</span> <span class='ocrx_word' id='word_1_10' title='bbox 1667 215 2078 272; x_wconf 85' lang='lat' dir='ltr'>VIRORUM</span> 
     </span>
    </p>
   </div>
   <div class='ocr_carea' id='block_1_9' title="bbox 488 323 2098 2733">
    <p class='ocr_par' dir='ltr' id='par_1_9' title="bbox 488 323 2098 2733">
     <span class='ocr_line' id='line_1_9' title="bbox 489 323 2080 388; baseline -0.001 -17"><span class='ocrx_word' id='word_1_11' title='bbox 489 330 630 371; x_wconf 91' lang='lat' dir='ltr'>cator</span> <span class='ocrx_word' id='word_1_12' title='bbox 661 323 756 372; x_wconf 87' lang='lat' dir='ltr'>ivit</span> <span class='ocrx_word' id='word_1_13' title='bbox 792 324 1074 388; x_wconf 80' lang='lat' dir='ltr'>spaciatum</span> <span class='ocrx_word' id='word_1_14' title='bbox 1108 341 1226 372; x_wconf 90' lang='lat' dir='ltr'>cum</span> <span class='ocrx_word' id='word_1_15' title='bbox 1259 324 1523 380; x_wconf 88' lang='lat' dir='ltr'>monacha,</span> <span class='ocrx_word' id='word_1_16' title='bbox 1549 330 1675 371; x_wconf 91' lang='lat' dir='ltr'>tunc</span> <span class='ocrx_word' id='word_1_17' title='bbox 1707 323 1911 371; x_wconf 90' lang='lat' dir='ltr'>iverunt</span> <span class='ocrx_word' id='word_1_18' title='bbox 1943 323 2080 386; x_wconf 91' lang='lat' dir='ltr'>apud</span> 
     </span>
     <span class='ocr_line' id='line_1_10' title="bbox 491 389 2081 447; baseline -0.001 -8"><span class='ocrx_word' id='word_1_19' title='bbox 491 391 715 447; x_wconf 85' lang='lat' dir='ltr'>Scholas,</span> <span class='ocrx_word' id='word_1_20' title='bbox 749 397 801 438; x_wconf 93' lang='lat' dir='ltr'>et</span> <span class='ocrx_word' id='word_1_21' title='bbox 838 391 1050 439; x_wconf 92' lang='lat' dir='ltr'>scolares</span> <span class='ocrx_word' id='word_1_22' title='bbox 1085 392 1358 439; x_wconf 78' lang='lat' dir='ltr'>trahebant</span> <span class='ocrx_word' id='word_1_23' title='bbox 1393 391 1504 439; x_wconf 89' lang='lat' dir='ltr'>illos</span> <span class='ocrx_word' id='word_1_24' title='bbox 1541 391 1667 438; x_wconf 92' lang='lat' dir='ltr'>duos</span> <span class='ocrx_word' id='word_1_25' title='bbox 1702 390 1981 438; x_wconf 90' lang='lat' dir='ltr'>monachos</span> <span class='ocrx_word' id='word_1_26' title='bbox 2017 389 2081 437; x_wconf 89' lang='lat' dir='ltr'>ad</span> 
     </span>
     <span class='ocr_line' id='line_1_11' title="bbox 488 457 2080 521; baseline -0.002 -15"><span class='ocrx_word' id='word_1_27' title='bbox 488 457 714 506; x_wconf 89' lang='lat' dir='ltr'>scholam</span> <span class='ocrx_word' id='word_1_28' title='bbox 750 465 803 506; x_wconf 90' lang='lat' dir='ltr'>et</span> <span class='ocrx_word' id='word_1_29' title='bbox 836 465 1162 506; x_wconf 90' lang='lat' dir='ltr'>correxerunt</span> <span class='ocrx_word' id='word_1_30' title='bbox 1194 475 1278 506; x_wconf 90' lang='lat' dir='ltr'>eos</span> <span class='ocrx_word' id='word_1_31' title='bbox 1310 458 1566 513; x_wconf 83' lang='lat' dir='ltr'>audacter,</span> <span class='ocrx_word' id='word_1_32' title='bbox 1592 463 1645 505; x_wconf 88' lang='lat' dir='ltr'>et</span> <span class='ocrx_word' id='word_1_33' title='bbox 1677 457 1884 521; x_wconf 91' lang='lat' dir='ltr'>quando</span> <span class='ocrx_word' id='word_1_34' title='bbox 1907 473 2080 504; x_wconf 91' lang='lat' dir='ltr'>mona-</span> 
     </span>
     <span class='ocr_line' id='line_1_12' title="bbox 489 523 2080 589; baseline -0.001 -17"><span class='ocrx_word' id='word_1_35' title='bbox 489 524 639 572; x_wconf 83' lang='lat' dir='ltr'>cham</span> <span class='ocrx_word' id='word_1_36' title='bbox 669 532 1013 582; x_wconf 85' lang='lat' dir='ltr'>correxerunt,</span> <span class='ocrx_word' id='word_1_37' title='bbox 1040 526 1279 573; x_wconf 89' lang='lat' dir='ltr'>viderunt</span> <span class='ocrx_word' id='word_1_38' title='bbox 1307 526 1447 589; x_wconf 93' lang='lat' dir='ltr'>quod</span> <span class='ocrx_word' id='word_1_39' title='bbox 1476 524 1655 571; x_wconf 89' lang='lat' dir='ltr'>habuit</span> <span class='ocrx_word' id='word_1_40' title='bbox 1679 523 1918 571; x_wconf 87' lang='lat' dir='ltr'>vulvam:</span> <span class='ocrx_word' id='word_1_41' title='bbox 1954 530 2080 571; x_wconf 92' lang='lat' dir='ltr'>tunc</span> 
     </span>
     <span class='ocr_line' id='line_1_13' title="bbox 489 590 2081 655; baseline 0.001 -17"><span class='ocrx_word' id='word_1_42' title='bbox 489 607 667 640; x_wconf 90' lang='lat' dir='ltr'>omnes</span> <span class='ocrx_word' id='word_1_43' title='bbox 692 592 911 640; x_wconf 89' lang='lat' dir='ltr'>riserunt</span> <span class='ocrx_word' id='word_1_44' title='bbox 936 599 987 640; x_wconf 86' lang='lat' dir='ltr'>et</span> <span class='ocrx_word' id='word_1_45' title='bbox 1012 591 1314 640; x_wconf 90' lang='lat' dir='ltr'>dimiserunt</span> <span class='ocrx_word' id='word_1_46' title='bbox 1339 609 1424 640; x_wconf 87' lang='lat' dir='ltr'>eos</span> <span class='ocrx_word' id='word_1_47' title='bbox 1449 591 1501 638; x_wconf 91' lang='lat' dir='ltr'>in</span> <span class='ocrx_word' id='word_1_48' title='bbox 1526 607 1664 655; x_wconf 88' lang='lat' dir='ltr'>pace,</span> <span class='ocrx_word' id='word_1_49' title='bbox 1690 596 1742 638; x_wconf 93' lang='lat' dir='ltr'>et</span> <span class='ocrx_word' id='word_1_50' title='bbox 1766 597 1879 638; x_wconf 90' lang='lat' dir='ltr'>tota</span> <span class='ocrx_word' id='word_1_51' title='bbox 1903 590 2081 639; x_wconf 89' lang='lat' dir='ltr'>civitas</span> 
     </span>
     <span class='ocr_line' id='line_1_14' title="bbox 490 657 2082 723; baseline 0 -18"><span class='ocrx_word' id='word_1_52' title='bbox 490 659 646 706; x_wconf 90' lang='lat' dir='ltr'>fiebat</span> <span class='ocrx_word' id='word_1_53' title='bbox 676 659 858 707; x_wconf 92' lang='lat' dir='ltr'>deinde</span> <span class='ocrx_word' id='word_1_54' title='bbox 887 659 1036 723; x_wconf 90' lang='lat' dir='ltr'>plena</span> <span class='ocrx_word' id='word_1_55' title='bbox 1067 659 1130 706; x_wconf 93' lang='lat' dir='ltr'>de</span> <span class='ocrx_word' id='word_1_56' title='bbox 1163 659 1247 706; x_wconf 89' lang='lat' dir='ltr'>illa</span> <span class='ocrx_word' id='word_1_57' title='bbox 1278 675 1343 706; x_wconf 90' lang='lat' dir='ltr'>re.</span> <span class='ocrx_word' id='word_1_58' title='bbox 1416 658 1565 706; x_wconf 86' lang='lat' dir='ltr'>Tunc</span> <span class='ocrx_word' id='word_1_59' title='bbox 1594 674 1689 722; x_wconf 85' lang='lat' dir='ltr'>ego</span> <span class='ocrx_word' id='word_1_60' title='bbox 1712 658 1789 705; x_wconf 88' lang='lat' dir='ltr'>fui</span> <span class='ocrx_word' id='word_1_61' title='bbox 1813 675 1902 722; x_wconf 90' lang='lat' dir='ltr'>per</span> <span class='ocrx_word' id='word_1_62' title='bbox 1925 657 2082 706; x_wconf 93' lang='lat' dir='ltr'>deum</span> 
     </span>
     <span class='ocr_line' id='line_1_15' title="bbox 491 725 2083 789; baseline -0.001 -16"><span class='ocrx_word' id='word_1_63' title='bbox 491 725 639 773; x_wconf 89' lang='lat' dir='ltr'>valde</span> <span class='ocrx_word' id='word_1_64' title='bbox 673 725 830 774; x_wconf 89' lang='lat' dir='ltr'>iratus</span> <span class='ocrx_word' id='word_1_65' title='bbox 866 726 1073 789; x_wconf 87' lang='lat' dir='ltr'>quando</span> <span class='ocrx_word' id='word_1_66' title='bbox 1108 725 1231 772; x_wconf 90' lang='lat' dir='ltr'>talia</span> <span class='ocrx_word' id='word_1_67' title='bbox 1264 725 1410 781; x_wconf 87' lang='lat' dir='ltr'>dixit,</span> <span class='ocrx_word' id='word_1_68' title='bbox 1437 731 1490 773; x_wconf 92' lang='lat' dir='ltr'>et</span> <span class='ocrx_word' id='word_1_69' title='bbox 1524 725 1630 772; x_wconf 86' lang='lat' dir='ltr'>dixi</span> <span class='ocrx_word' id='word_1_70' title='bbox 1666 725 1729 771; x_wconf 89' lang='lat' dir='ltr'>ad</span> <span class='ocrx_word' id='word_1_71' title='bbox 1759 741 1908 773; x_wconf 82' lang='lat' dir='ltr'>eum:</span> <span class='ocrx_word' id='word_1_72' title='bbox 1945 732 2083 772; x_wconf 88' lang='lat' dir='ltr'>“vos</span> 
     </span>
     <span class='ocr_line' id='line_1_16' title="bbox 492 792 2081 856; baseline 0 -17"><span class='ocrx_word' id='word_1_73' title='bbox 492 809 595 840; x_wconf 91' lang='lat' dir='ltr'>non</span> <span class='ocrx_word' id='word_1_74' title='bbox 621 793 869 841; x_wconf 82' lang='lat' dir='ltr'>deberetis</span> <span class='ocrx_word' id='word_1_75' title='bbox 893 792 1016 839; x_wconf 88' lang='lat' dir='ltr'>talia</span> <span class='ocrx_word' id='word_1_76' title='bbox 1039 792 1234 848; x_wconf 72' lang='lat' dir='ltr'>dicere,</span> <span class='ocrx_word' id='word_1_77' title='bbox 1269 792 1436 856; x_wconf 91' lang='lat' dir='ltr'>posito</span> <span class='ocrx_word' id='word_1_78' title='bbox 1460 810 1579 840; x_wconf 85' lang='lat' dir='ltr'>casu</span> <span class='ocrx_word' id='word_1_79' title='bbox 1603 792 1742 855; x_wconf 93' lang='lat' dir='ltr'>quod</span> <span class='ocrx_word' id='word_1_80' title='bbox 1761 798 1928 840; x_wconf 89' lang='lat' dir='ltr'>essent</span> <span class='ocrx_word' id='word_1_81' title='bbox 1948 809 2081 847; x_wconf 89' lang='lat' dir='ltr'>vera,</span> 
     </span>
     <span class='ocr_line' id='line_1_17' title="bbox 491 858 2082 923; baseline -0.002 -15"><span class='ocrx_word' id='word_1_82' title='bbox 491 866 666 908; x_wconf 91' lang='lat' dir='ltr'>tamen</span> <span class='ocrx_word' id='word_1_83' title='bbox 692 860 858 908; x_wconf 89' lang='lat' dir='ltr'>adhuc</span> <span class='ocrx_word' id='word_1_84' title='bbox 884 876 987 906; x_wconf 92' lang='lat' dir='ltr'>non</span> <span class='ocrx_word' id='word_1_85' title='bbox 1012 858 1263 907; x_wconf 91' lang='lat' dir='ltr'>deberetis</span> <span class='ocrx_word' id='word_1_86' title='bbox 1288 859 1467 915; x_wconf 89' lang='lat' dir='ltr'>dicere,</span> <span class='ocrx_word' id='word_1_87' title='bbox 1488 860 1608 923; x_wconf 89' lang='lat' dir='ltr'>quia</span> <span class='ocrx_word' id='word_1_88' title='bbox 1625 865 1798 923; x_wconf 91' lang='lat' dir='ltr'>posset</span> <span class='ocrx_word' id='word_1_89' title='bbox 1816 859 1945 907; x_wconf 91' lang='lat' dir='ltr'>bene</span> <span class='ocrx_word' id='word_1_90' title='bbox 1964 875 2082 906; x_wconf 91' lang='lat' dir='ltr'>con—</span> 
     </span>
     <span class='ocr_line' id='line_1_18' title="bbox 491 925 2083 990; baseline -0.001 -16"><span class='ocrx_word' id='word_1_91' title='bbox 491 927 688 990; x_wconf 83' lang='lat' dir='ltr'>tingere</span> <span class='ocrx_word' id='word_1_92' title='bbox 713 927 851 990; x_wconf 93' lang='lat' dir='ltr'>quod</span> <span class='ocrx_word' id='word_1_93' title='bbox 871 942 1047 973; x_wconf 89' lang='lat' dir='ltr'>omnes</span> <span class='ocrx_word' id='word_1_94' title='bbox 1072 925 1457 974; x_wconf 89' lang='lat' dir='ltr'>occiderentur</span> <span class='ocrx_word' id='word_1_95' title='bbox 1446 943 1497 973; x_wconf 91' lang='grc'>111</span> <span class='ocrx_word' id='word_1_96' title='bbox 1521 943 1624 974; x_wconf 87' lang='grc'>11113</span> <span class='ocrx_word' id='word_1_97' title='bbox 1639 926 1762 973; x_wconf 85' lang='grc'>11013</span> <span class='ocrx_word' id='word_1_98' title='bbox 1780 926 1912 974; x_wconf 89' lang='lat' dir='ltr'>sicut</span> <span class='ocrx_word' id='word_1_99' title='bbox 1930 926 2083 973; x_wconf 87' lang='lat' dir='ltr'>Tem-</span> 
     </span>
     <span class='ocr_line' id='line_1_19' title="bbox 493 992 2084 1057; baseline 0 -17"><span class='ocrx_word' id='word_1_100' title='bbox 493 993 650 1057; x_wconf 87' lang='lat' dir='ltr'>plarii,</span> <span class='ocrx_word' id='word_1_101' title='bbox 678 993 717 1040; x_wconf 90' lang='lat' dir='ltr'>si</span> <span class='ocrx_word' id='word_1_102' title='bbox 747 993 977 1040; x_wconf 89' lang='lat' dir='ltr'>homines</span> <span class='ocrx_word' id='word_1_103' title='bbox 1006 992 1115 1040; x_wconf 90' lang='lat' dir='ltr'>illas</span> <span class='ocrx_word' id='word_1_104' title='bbox 1144 992 1396 1056; x_wconf 88' lang='lat' dir='ltr'>nequitias</span> <span class='ocrx_word' id='word_1_105' title='bbox 1425 1010 1601 1041; x_wconf 91' lang='lat' dir='ltr'>omnes</span> <span class='ocrx_word' id='word_1_106' title='bbox 1631 993 1862 1041; x_wconf 53' lang='lat' dir='ltr'>scirentss’</span> <span class='ocrx_word' id='word_1_107' title='bbox 1934 993 2084 1041; x_wconf 90' lang='lat' dir='ltr'>Tunc</span> 
     </span>
     <span class='ocr_line' id='line_1_20' title="bbox 494 1059 2085 1124; baseline -0.001 -16"><span class='ocrx_word' id='word_1_108' title='bbox 494 1061 655 1108; x_wconf 86' lang='lat' dir='ltr'>dixit:</span> <span class='ocrx_word' id='word_1_109' title='bbox 711 1068 834 1123; x_wconf 81' lang='lat' dir='ltr'>‘ego</span> <span class='ocrx_word' id='word_1_110' title='bbox 865 1060 967 1108; x_wconf 90' lang='lat' dir='ltr'>scio</span> <span class='ocrx_word' id='word_1_111' title='bbox 996 1059 1161 1108; x_wconf 90' lang='lat' dir='ltr'>adhuc</span> <span class='ocrx_word' id='word_1_112' title='bbox 1189 1065 1273 1107; x_wconf 89' lang='lat' dir='ltr'>tot</span> <span class='ocrx_word' id='word_1_113' title='bbox 1296 1060 1435 1123; x_wconf 92' lang='lat' dir='ltr'>quod</span> <span class='ocrx_word' id='word_1_114' title='bbox 1460 1077 1563 1108; x_wconf 94' lang='lat' dir='ltr'>non</span> <span class='ocrx_word' id='word_1_115' title='bbox 1589 1077 1789 1124; x_wconf 87' lang='lat' dir='ltr'>possem</span> <span class='ocrx_word' id='word_1_116' title='bbox 1813 1060 1877 1107; x_wconf 92' lang='lat' dir='ltr'>ad</span> <span class='ocrx_word' id='word_1_117' title='bbox 1902 1059 2085 1123; x_wconf 86' lang='lat' dir='ltr'>viginti</span> 
     </span>
     <span class='ocr_line' id='line_1_21' title="bbox 495 1126 2086 1192; baseline -0.001 -17"><span class='ocrx_word' id='word_1_118' title='bbox 495 1143 639 1175; x_wconf 88' lang='lat' dir='ltr'>arcus</span> <span class='ocrx_word' id='word_1_119' title='bbox 675 1127 835 1192; x_wconf 89' lang='lat' dir='ltr'>papiri</span> <span class='ocrx_word' id='word_1_120' title='bbox 873 1127 1133 1175; x_wconf 82' lang='lat' dir='ltr'>scribere.”</span> <span class='ocrx_word' id='word_1_121' title='bbox 1206 1127 1355 1174; x_wconf 88' lang='lat' dir='ltr'>Tunc</span> <span class='ocrx_word' id='word_1_122' title='bbox 1392 1143 1487 1191; x_wconf 84' lang='lat' dir='ltr'>ego</span> <span class='ocrx_word' id='word_1_123' title='bbox 1524 1127 1657 1175; x_wconf 93' lang='lat' dir='ltr'>dixi:</span> <span class='ocrx_word' id='word_1_124' title='bbox 1697 1135 1897 1191; x_wconf 87' lang='lat' dir='ltr'>“quare</span> <span class='ocrx_word' id='word_1_125' title='bbox 1931 1126 2086 1174; x_wconf 87' lang='lat' dir='ltr'>vultis</span> 
     </span>
     <span class='ocr_line' id='line_1_22' title="bbox 494 1194 2086 1259; baseline 0 -17"><span class='ocrx_word' id='word_1_126' title='bbox 494 1195 557 1242; x_wconf 90' lang='lat' dir='ltr'>de</span> <span class='ocrx_word' id='word_1_127' title='bbox 577 1194 815 1241; x_wconf 92' lang='lat' dir='ltr'>omnibus</span> <span class='ocrx_word' id='word_1_128' title='bbox 835 1194 1265 1259; x_wconf 87' lang='lat' dir='ltr'>praedicatoribus</span> <span class='ocrx_word' id='word_1_129' title='bbox 1285 1194 1500 1242; x_wconf 90' lang='lat' dir='ltr'>scribere</span> <span class='ocrx_word' id='word_1_130' title='bbox 1519 1212 1529 1243; x_wconf 73' lang='grc' dir='ltr'><strong><em>ι</em></strong></span> <span class='ocrx_word' id='word_1_131' title='bbox 1567 1203 1632 1242; x_wconf 80' lang='lat' dir='ltr'>no</span> <span class='ocrx_word' id='word_1_132' title='bbox 1651 1201 1829 1242; x_wconf 88' lang='lat' dir='ltr'>tamen</span> <span class='ocrx_word' id='word_1_133' title='bbox 1851 1194 2086 1242; x_wconf 85' lang='lat' dir='ltr'>fecerunt</span> 
     </span>
     <span class='ocr_line' id='line_1_23' title="bbox 495 1260 2087 1326; baseline -0.001 -17"><span class='ocrx_word' id='word_1_134' title='bbox 495 1260 648 1309; x_wconf 71' lang='lat' dir='ltr'>omes.</span> <span class='ocrx_word' id='word_1_135' title='bbox 712 1261 766 1308; x_wconf 86' lang='lat' dir='ltr'>Si</span> <span class='ocrx_word' id='word_1_136' title='bbox 790 1262 862 1309; x_wconf 88' lang='lat' dir='ltr'>illi</span> <span class='ocrx_word' id='word_1_137' title='bbox 887 1261 939 1308; x_wconf 93' lang='lat' dir='ltr'>in</span> <span class='ocrx_word' id='word_1_138' title='bbox 964 1261 1240 1325; x_wconf 84' lang='lat' dir='ltr'>Maguntia</span> <span class='ocrx_word' id='word_1_139' title='bbox 1258 1268 1311 1309; x_wconf 92' lang='lat' dir='ltr'>et</span> <span class='ocrx_word' id='word_1_140' title='bbox 1334 1262 1385 1308; x_wconf 93' lang='lat' dir='ltr'>in</span> <span class='ocrx_word' id='word_1_141' title='bbox 1405 1261 1726 1326; x_wconf 83' lang='lat' dir='ltr'>Augspurgk</span> <span class='ocrx_word' id='word_1_142' title='bbox 1745 1267 1797 1309; x_wconf 93' lang='lat' dir='ltr'>et</span> <span class='ocrx_word' id='word_1_143' title='bbox 1822 1262 1874 1309; x_wconf 92' lang='lat' dir='ltr'>in</span> <span class='ocrx_word' id='word_1_144' title='bbox 1901 1261 2087 1308; x_wconf 63' lang='grc'>511333-</span> 
     </span>
     <span class='ocr_line' id='line_1_24' title="bbox 494 1328 2088 1393; baseline 0 -18"><span class='ocrx_word' id='word_1_145' title='bbox 494 1329 620 1392; x_wconf 84' lang='lat' dir='ltr'>berg</span> <span class='ocrx_word' id='word_1_146' title='bbox 649 1334 768 1376; x_wconf 91' lang='lat' dir='ltr'>sunt</span> <span class='ocrx_word' id='word_1_147' title='bbox 798 1328 1085 1392; x_wconf 86' lang='lat' dir='ltr'>nequitiosi,</span> <span class='ocrx_word' id='word_1_148' title='bbox 1109 1334 1236 1376; x_wconf 86' lang='lat' dir='ltr'>tunc</span> <span class='ocrx_word' id='word_1_149' title='bbox 1266 1328 1349 1376; x_wconf 90' lang='lat' dir='ltr'>alii</span> <span class='ocrx_word' id='word_1_150' title='bbox 1375 1335 1496 1376; x_wconf 90' lang='lat' dir='ltr'>sunt</span> <span class='ocrx_word' id='word_1_151' title='bbox 1518 1329 1652 1376; x_wconf 83' lang='lat' dir='ltr'>forte</span> <span class='ocrx_word' id='word_1_152' title='bbox 1676 1329 1866 1393; x_wconf 85' lang='lat' dir='ltr'>probi.&#39;’</span> <span class='ocrx_word' id='word_1_153' title='bbox 1939 1329 2088 1375; x_wconf 86' lang='lat' dir='ltr'>Tunc</span> 
     </span>
     <span class='ocr_line' id='line_1_25' title="bbox 496 1395 2089 1460; baseline 0.001 -18"><span class='ocrx_word' id='word_1_154' title='bbox 496 1395 581 1443; x_wconf 92' lang='lat' dir='ltr'>ille</span> <span class='ocrx_word' id='word_1_155' title='bbox 617 1396 778 1443; x_wconf 91' lang='lat' dir='ltr'>dixit:</span> <span class='ocrx_word' id='word_1_156' title='bbox 817 1396 1121 1459; x_wconf 85' lang='lat' dir='ltr'>“quomodo</span> <span class='ocrx_word' id='word_1_157' title='bbox 1158 1396 1428 1444; x_wconf 85' lang='lat' dir='ltr'>confundis</span> <span class='ocrx_word' id='word_1_158' title='bbox 1463 1398 1583 1443; x_wconf 72' lang='lat' dir='ltr'>me?</span> <span class='ocrx_word' id='word_1_159' title='bbox 1629 1412 1725 1460; x_wconf 83' lang='lat' dir='ltr'>ego</span> <span class='ocrx_word' id='word_1_160' title='bbox 1762 1395 1913 1443; x_wconf 90' lang='lat' dir='ltr'>credo</span> <span class='ocrx_word' id='word_1_161' title='bbox 1948 1395 2089 1459; x_wconf 93' lang='lat' dir='ltr'>quod</span> 
     </span>
     <span class='ocr_line' id='line_1_26' title="bbox 495 1462 2088 1527; baseline -0.001 -17"><span class='ocrx_word' id='word_1_162' title='bbox 495 1468 557 1510; x_wconf 89' lang='lat' dir='ltr'>tu</span> <span class='ocrx_word' id='word_1_163' title='bbox 600 1462 664 1510; x_wconf 87' lang='lat' dir='ltr'>sis</span> <span class='ocrx_word' id='word_1_164' title='bbox 705 1463 837 1511; x_wconf 88' lang='lat' dir='ltr'>filius</span> <span class='ocrx_word' id='word_1_165' title='bbox 879 1462 1252 1527; x_wconf 89' lang='lat' dir='ltr'>praedicatoris,</span> <span class='ocrx_word' id='word_1_166' title='bbox 1289 1463 1370 1510; x_wconf 87' lang='lat' dir='ltr'>vel</span> <span class='ocrx_word' id='word_1_167' title='bbox 1410 1462 1553 1511; x_wconf 84' lang='lat' dir='ltr'>fuisti</span> <span class='ocrx_word' id='word_1_168' title='bbox 1595 1470 1702 1510; x_wconf 87' lang='lat' dir='ltr'>met</span> <span class='ocrx_word' id='word_1_169' title='bbox 1744 1463 2088 1527; x_wconf 81' lang='lat' dir='ltr'>praedicator3</span> 
     </span>
     <span class='ocr_line' id='line_1_27' title="bbox 497 1529 2091 1594; baseline 0.001 -18"><span class='ocrx_word' id='word_1_170' title='bbox 497 1546 739 1594; x_wconf 91' lang='lat' dir='ltr'>nuncupa</span> <span class='ocrx_word' id='word_1_171' title='bbox 771 1529 897 1578; x_wconf 89' lang='lat' dir='ltr'>mihi</span> <span class='ocrx_word' id='word_1_172' title='bbox 927 1547 1091 1578; x_wconf 91' lang='lat' dir='ltr'>unum</span> <span class='ocrx_word' id='word_1_173' title='bbox 1122 1530 1417 1586; x_wconf 90' lang='lat' dir='ltr'>claustrum,</span> <span class='ocrx_word' id='word_1_174' title='bbox 1444 1531 1532 1578; x_wconf 93' lang='lat' dir='ltr'>ubi</span> <span class='ocrx_word' id='word_1_175' title='bbox 1566 1536 1685 1577; x_wconf 91' lang='lat' dir='ltr'>sunt</span> <span class='ocrx_word' id='word_1_176' title='bbox 1718 1530 1863 1593; x_wconf 92' lang='lat' dir='ltr'>probi</span> <span class='ocrx_word' id='word_1_177' title='bbox 1896 1529 2091 1594; x_wconf 89' lang='lat' dir='ltr'>praedi-</span> 
     </span>
     <span class='ocr_line' id='line_1_28' title="bbox 499 1596 2090 1661; baseline -0.001 -17"><span class='ocrx_word' id='word_1_178' title='bbox 499 1597 741 1644; x_wconf 87' lang='lat' dir='ltr'>catores.’&#39;</span> <span class='ocrx_word' id='word_1_179' title='bbox 801 1597 948 1644; x_wconf 85' lang='lat' dir='ltr'>Tunc</span> <span class='ocrx_word' id='word_1_180' title='bbox 969 1613 1065 1661; x_wconf 84' lang='lat' dir='ltr'>ego</span> <span class='ocrx_word' id='word_1_181' title='bbox 1085 1597 1190 1644; x_wconf 91' lang='lat' dir='ltr'>dixi</span> <span class='ocrx_word' id='word_1_182' title='bbox 1209 1614 1218 1644; x_wconf 91' lang='lat'>:</span> <span class='ocrx_word' id='word_1_183' title='bbox 1258 1605 1285 1623; x_wconf 85' lang='lat'>“</span> <span class='ocrx_word' id='word_1_184' title='bbox 1302 1597 1426 1660; x_wconf 90' lang='lat' dir='ltr'>quid</span> <span class='ocrx_word' id='word_1_185' title='bbox 1444 1598 1677 1645; x_wconf 88' lang='lat' dir='ltr'>fecerunt</span> <span class='ocrx_word' id='word_1_186' title='bbox 1695 1597 1768 1644; x_wconf 90' lang='lat' dir='ltr'>illi</span> <span class='ocrx_word' id='word_1_187' title='bbox 1793 1597 1844 1644; x_wconf 92' lang='lat' dir='ltr'>in</span> <span class='ocrx_word' id='word_1_188' title='bbox 1865 1596 2090 1644; x_wconf 91' lang='lat' dir='ltr'>Franck-</span> 
     </span>
     <span class='ocr_line' id='line_1_29' title="bbox 498 1663 2092 1712; baseline 0 -1"><span class='ocrx_word' id='word_1_189' title='bbox 498 1663 743 1712; x_wconf 74' lang='lat' dir='ltr'>furdia?”</span> <span class='ocrx_word' id='word_1_190' title='bbox 830 1665 977 1711; x_wconf 83' lang='lat' dir='ltr'>Tunc</span> <span class='ocrx_word' id='word_1_191' title='bbox 1026 1664 1130 1711; x_wconf 91' lang='lat' dir='ltr'>dixi</span> <span class='ocrx_word' id='word_1_192' title='bbox 1178 1664 1290 1711; x_wconf 85' lang='lat' dir='ltr'>ille:</span> <span class='ocrx_word' id='word_1_193' title='bbox 1341 1672 1369 1690; x_wconf 78' lang='lat'>‘⁶</span> <span class='ocrx_word' id='word_1_194' title='bbox 1387 1664 1547 1712; x_wconf 90' lang='lat' dir='ltr'>nescis</span> <span class='ocrx_word' id='word_1_195' title='bbox 1595 1665 1727 1712; x_wconf 73' lang='lat' dir='ltr'>hoc?</span> <span class='ocrx_word' id='word_1_196' title='bbox 1781 1664 1852 1712; x_wconf 90' lang='lat' dir='ltr'>illi</span> <span class='ocrx_word' id='word_1_197' title='bbox 1900 1663 2092 1711; x_wconf 88' lang='lat' dir='ltr'>habent</span> 
     </span>
     <span class='ocr_line' id='line_1_30' title="bbox 500 1730 2093 1795; baseline 0.001 -18"><span class='ocrx_word' id='word_1_198' title='bbox 500 1730 831 1795; x_wconf 88' lang='lat' dir='ltr'>principalem</span> <span class='ocrx_word' id='word_1_199' title='bbox 868 1731 1004 1795; x_wconf 92' lang='lat' dir='ltr'>apud</span> <span class='ocrx_word' id='word_1_200' title='bbox 1041 1748 1125 1778; x_wconf 91' lang='lat' dir='ltr'>eos</span> <span class='ocrx_word' id='word_1_201' title='bbox 1161 1730 1249 1795; x_wconf 90' lang='lat' dir='ltr'>qui</span> <span class='ocrx_word' id='word_1_202' title='bbox 1285 1738 1499 1779; x_wconf 86' lang='lat' dir='ltr'>vocatur</span> <span class='ocrx_word' id='word_1_203' title='bbox 1534 1731 1857 1795; x_wconf 79' lang='lat' dir='ltr'>VVigandus:</span> <span class='ocrx_word' id='word_1_204' title='bbox 1894 1731 1980 1779; x_wconf 91' lang='lat' dir='ltr'>ille</span> <span class='ocrx_word' id='word_1_205' title='bbox 2016 1736 2093 1779; x_wconf 89' lang='lat' dir='ltr'>est</span> 
     </span>
     <span class='ocr_line' id='line_1_31' title="bbox 502 1798 2092 1863; baseline -0.001 -17"><span class='ocrx_word' id='word_1_206' title='bbox 502 1804 656 1862; x_wconf 91' lang='lat' dir='ltr'>caput</span> <span class='ocrx_word' id='word_1_207' title='bbox 681 1798 913 1845; x_wconf 90' lang='lat' dir='ltr'>omnium</span> <span class='ocrx_word' id='word_1_208' title='bbox 939 1798 1300 1861; x_wconf 87' lang='lat' dir='ltr'>nequitiarum,</span> <span class='ocrx_word' id='word_1_209' title='bbox 1327 1805 1381 1846; x_wconf 92' lang='lat' dir='ltr'>et</span> <span class='ocrx_word' id='word_1_210' title='bbox 1412 1798 1518 1863; x_wconf 90' lang='lat' dir='ltr'>ipse</span> <span class='ocrx_word' id='word_1_211' title='bbox 1542 1798 1733 1862; x_wconf 89' lang='lat' dir='ltr'>incepit</span> <span class='ocrx_word' id='word_1_212' title='bbox 1756 1798 1896 1845; x_wconf 91' lang='lat' dir='ltr'>illam</span> <span class='ocrx_word' id='word_1_213' title='bbox 1922 1798 2092 1846; x_wconf 91' lang='lat' dir='ltr'>haere-</span> 
     </span>
     <span class='ocr_line' id='line_1_32' title="bbox 501 1865 2094 1921; baseline -0.001 -8"><span class='ocrx_word' id='word_1_214' title='bbox 501 1882 608 1913; x_wconf 84' lang='lat' dir='ltr'>sem</span> <span class='ocrx_word' id='word_1_215' title='bbox 644 1865 696 1912; x_wconf 89' lang='lat' dir='ltr'>in</span> <span class='ocrx_word' id='word_1_216' title='bbox 734 1866 915 1919; x_wconf 83' lang='lat' dir='ltr'>Berua,</span> <span class='ocrx_word' id='word_1_217' title='bbox 951 1871 1002 1912; x_wconf 89' lang='lat' dir='ltr'>et</span> <span class='ocrx_word' id='word_1_218' title='bbox 1037 1865 1160 1913; x_wconf 84' lang='lat' dir='ltr'>fecit</span> <span class='ocrx_word' id='word_1_219' title='bbox 1197 1883 1359 1912; x_wconf 90' lang='lat' dir='ltr'>unum</span> <span class='ocrx_word' id='word_1_220' title='bbox 1396 1865 1627 1913; x_wconf 92' lang='lat' dir='ltr'>libellum</span> <span class='ocrx_word' id='word_1_221' title='bbox 1663 1866 1726 1913; x_wconf 94' lang='lat' dir='ltr'>de</span> <span class='ocrx_word' id='word_1_222' title='bbox 1764 1865 2009 1921; x_wconf 56' lang='lat' dir='ltr'>WVesalio,</span> <span class='ocrx_word' id='word_1_223' title='bbox 2040 1870 2094 1913; x_wconf 91' lang='lat' dir='ltr'>et</span> 
     </span>
     <span class='ocr_line' id='line_1_33' title="bbox 501 1931 2094 1996; baseline -0.001 -16"><span class='ocrx_word' id='word_1_224' title='bbox 501 1932 647 1980; x_wconf 90' lang='lat' dir='ltr'>illum</span> <span class='ocrx_word' id='word_1_225' title='bbox 683 1939 859 1996; x_wconf 90' lang='lat' dir='ltr'>postea</span> <span class='ocrx_word' id='word_1_226' title='bbox 894 1932 946 1979; x_wconf 91' lang='lat' dir='ltr'>in</span> <span class='ocrx_word' id='word_1_227' title='bbox 980 1931 1346 1996; x_wconf 84' lang='lat' dir='ltr'>Heydelberga</span> <span class='ocrx_word' id='word_1_228' title='bbox 1381 1932 1654 1989; x_wconf 89' lang='lat' dir='ltr'>revocavit,</span> <span class='ocrx_word' id='word_1_229' title='bbox 1681 1932 1912 1987; x_wconf 86' lang='lat' dir='ltr'>cassavit,</span> <span class='ocrx_word' id='word_1_230' title='bbox 1940 1931 2094 1979; x_wconf 87' lang='lat' dir='ltr'>extir-</span> 
     </span>
     <span class='ocr_line' id='line_1_34' title="bbox 502 1998 2095 2064; baseline -0.001 -18"><span class='ocrx_word' id='word_1_231' title='bbox 502 1998 644 2064; x_wconf 89' lang='lat' dir='ltr'>pavit</span> <span class='ocrx_word' id='word_1_232' title='bbox 676 2006 728 2046; x_wconf 90' lang='lat' dir='ltr'>et</span> <span class='ocrx_word' id='word_1_233' title='bbox 761 1999 1046 2047; x_wconf 91' lang='lat' dir='ltr'>annullavit</span> <span class='ocrx_word' id='word_1_234' title='bbox 1081 2006 1133 2047; x_wconf 94' lang='lat' dir='ltr'>et</span> <span class='ocrx_word' id='word_1_235' title='bbox 1169 1999 1290 2047; x_wconf 89' lang='lat' dir='ltr'>fecit</span> <span class='ocrx_word' id='word_1_236' title='bbox 1325 1999 1480 2047; x_wconf 89' lang='lat' dir='ltr'>etiam</span> <span class='ocrx_word' id='word_1_237' title='bbox 1518 1999 1701 2048; x_wconf 91' lang='lat' dir='ltr'>deinde</span> <span class='ocrx_word' id='word_1_238' title='bbox 1737 2016 1899 2047; x_wconf 88' lang='lat' dir='ltr'>unum</span> <span class='ocrx_word' id='word_1_239' title='bbox 1936 1999 2095 2047; x_wconf 89' lang='lat' dir='ltr'>alium</span> 
     </span>
     <span class='ocr_line' id='line_1_35' title="bbox 502 2066 2096 2131; baseline 0.001 -19"><span class='ocrx_word' id='word_1_240' title='bbox 502 2066 690 2113; x_wconf 90' lang='lat' dir='ltr'>librum</span> <span class='ocrx_word' id='word_1_241' title='bbox 726 2066 814 2129; x_wconf 92' lang='lat' dir='ltr'>qui</span> <span class='ocrx_word' id='word_1_242' title='bbox 847 2073 1061 2114; x_wconf 86' lang='lat' dir='ltr'>vocatur</span> <span class='ocrx_word' id='word_1_243' title='bbox 1087 2066 1219 2114; x_wconf 85' lang='lat' dir='ltr'>‘Die</span> <span class='ocrx_word' id='word_1_244' title='bbox 1255 2067 1604 2131; x_wconf 85' lang='lat' dir='ltr'>sturmglock,’</span> <span class='ocrx_word' id='word_1_245' title='bbox 1631 2073 1684 2114; x_wconf 85' lang='lat' dir='ltr'>et</span> <span class='ocrx_word' id='word_1_246' title='bbox 1718 2066 1823 2131; x_wconf 89' lang='lat' dir='ltr'>ipse</span> <span class='ocrx_word' id='word_1_247' title='bbox 1859 2083 1963 2114; x_wconf 90' lang='lat' dir='ltr'>non</span> <span class='ocrx_word' id='word_1_248' title='bbox 1994 2066 2096 2113; x_wconf 81' lang='lat' dir='ltr'>fuit</span> 
     </span>
     <span class='ocr_line' id='line_1_36' title="bbox 503 2133 2093 2196; baseline 0 -15"><span class='ocrx_word' id='word_1_249' title='bbox 503 2134 576 2181; x_wconf 90' lang='lat' dir='ltr'>ita</span> <span class='ocrx_word' id='word_1_250' title='bbox 599 2133 766 2180; x_wconf 90' lang='lat' dir='ltr'>audax</span> <span class='ocrx_word' id='word_1_251' title='bbox 796 2134 935 2196; x_wconf 93' lang='lat' dir='ltr'>quod</span> <span class='ocrx_word' id='word_1_252' title='bbox 967 2133 1206 2181; x_wconf 85' lang='lat' dir='ltr'>scriberet</span> <span class='ocrx_word' id='word_1_253' title='bbox 1238 2150 1389 2181; x_wconf 91' lang='lat' dir='ltr'>suum</span> <span class='ocrx_word' id='word_1_254' title='bbox 1423 2143 1576 2181; x_wconf 77' lang='lat' dir='ltr'>nome</span> <span class='ocrx_word' id='word_1_255' title='bbox 1610 2134 1710 2182; x_wconf 91' lang='lat' dir='ltr'>Sed</span> <span class='ocrx_word' id='word_1_256' title='bbox 1743 2133 1881 2181; x_wconf 85' lang='lat' dir='ltr'>misit</span> <span class='ocrx_word' id='word_1_257' title='bbox 1915 2133 2093 2181; x_wconf 89' lang='lat' dir='ltr'>Iohan.</span> 
     </span>
     <span class='ocr_line' id='line_1_37' title="bbox 505 2200 2096 2258; baseline 0 -11"><span class='ocrx_word' id='word_1_258' title='bbox 505 2200 827 2247; x_wconf 85' lang='lat' dir='ltr'>Pfefferkorn</span> <span class='ocrx_word' id='word_1_259' title='bbox 852 2217 1003 2248; x_wconf 92' lang='lat' dir='ltr'>suum</span> <span class='ocrx_word' id='word_1_260' title='bbox 1028 2217 1216 2248; x_wconf 88' lang='lat' dir='ltr'>nomen</span> <span class='ocrx_word' id='word_1_261' title='bbox 1241 2201 1471 2258; x_wconf 89' lang='lat' dir='ltr'>scribere,</span> <span class='ocrx_word' id='word_1_262' title='bbox 1495 2207 1557 2249; x_wconf 94' lang='lat' dir='ltr'>ut</span> <span class='ocrx_word' id='word_1_263' title='bbox 1580 2202 1726 2249; x_wconf 89' lang='lat' dir='ltr'>daret</span> <span class='ocrx_word' id='word_1_264' title='bbox 1750 2200 1841 2248; x_wconf 91' lang='lat' dir='ltr'>sibi</span> <span class='ocrx_word' id='word_1_265' title='bbox 1866 2200 2096 2248; x_wconf 91' lang='lat' dir='ltr'>medium</span> 
     </span>
     <span class='ocr_line' id='line_1_38' title="bbox 504 2267 2098 2332; baseline 0.001 -18"><span class='ocrx_word' id='word_1_266' title='bbox 504 2267 721 2323; x_wconf 89' lang='lat' dir='ltr'>lucrum,</span> <span class='ocrx_word' id='word_1_267' title='bbox 745 2273 872 2315; x_wconf 88' lang='lat' dir='ltr'>tunc</span> <span class='ocrx_word' id='word_1_268' title='bbox 898 2267 1021 2315; x_wconf 85' lang='lat' dir='ltr'>velit</span> <span class='ocrx_word' id='word_1_269' title='bbox 1046 2284 1151 2315; x_wconf 88' lang='lat' dir='ltr'>esse</span> <span class='ocrx_word' id='word_1_270' title='bbox 1177 2274 1464 2325; x_wconf 89' lang='lat' dir='ltr'>contentus,</span> <span class='ocrx_word' id='word_1_271' title='bbox 1489 2268 1609 2332; x_wconf 88' lang='lat' dir='ltr'>quia</span> <span class='ocrx_word' id='word_1_272' title='bbox 1633 2269 1762 2315; x_wconf 92' lang='lat' dir='ltr'>bene</span> <span class='ocrx_word' id='word_1_273' title='bbox 1788 2267 1933 2315; x_wconf 89' lang='lat' dir='ltr'>scivit</span> <span class='ocrx_word' id='word_1_274' title='bbox 1957 2267 2098 2331; x_wconf 93' lang='lat' dir='ltr'>quod</span> 
     </span>
     <span class='ocr_line' id='line_1_39' title="bbox 506 2334 2097 2399; baseline -0.001 -17"><span class='ocrx_word' id='word_1_275' title='bbox 506 2334 580 2382; x_wconf 93' lang='lat' dir='ltr'>Io.</span> <span class='ocrx_word' id='word_1_276' title='bbox 610 2334 931 2382; x_wconf 88' lang='lat' dir='ltr'>Pfefferkorn</span> <span class='ocrx_word' id='word_1_277' title='bbox 967 2341 1098 2382; x_wconf 87' lang='lat' dir='ltr'>esset</span> <span class='ocrx_word' id='word_1_278' title='bbox 1133 2334 1248 2382; x_wconf 90' lang='lat' dir='ltr'>talis</span> <span class='ocrx_word' id='word_1_279' title='bbox 1284 2335 1439 2383; x_wconf 93' lang='lat' dir='ltr'>homo</span> <span class='ocrx_word' id='word_1_280' title='bbox 1474 2335 1562 2399; x_wconf 92' lang='lat' dir='ltr'>qui</span> <span class='ocrx_word' id='word_1_281' title='bbox 1598 2335 1856 2383; x_wconf 91' lang='lat' dir='ltr'>neminem</span> <span class='ocrx_word' id='word_1_282' title='bbox 1882 2340 2097 2390; x_wconf 84' lang='lat' dir='ltr'>curaret,</span> 
     </span>
     <span class='ocr_line' id='line_1_40' title="bbox 505 2401 2097 2465; baseline 0 -17"><span class='ocrx_word' id='word_1_283' title='bbox 505 2401 660 2449; x_wconf 87' lang='lat' dir='ltr'>etiam</span> <span class='ocrx_word' id='word_1_284' title='bbox 697 2418 841 2448; x_wconf 84' lang='lat' dir='ltr'>suam</span> <span class='ocrx_word' id='word_1_285' title='bbox 877 2402 1066 2448; x_wconf 85' lang='lat' dir='ltr'>famam</span> <span class='ocrx_word' id='word_1_286' title='bbox 1105 2418 1209 2448; x_wconf 90' lang='lat' dir='ltr'>non</span> <span class='ocrx_word' id='word_1_287' title='bbox 1249 2409 1461 2458; x_wconf 90' lang='lat' dir='ltr'>curaret,</span> <span class='ocrx_word' id='word_1_288' title='bbox 1499 2402 1707 2465; x_wconf 89' lang='lat' dir='ltr'>quando</span> <span class='ocrx_word' id='word_1_289' title='bbox 1749 2401 1842 2449; x_wconf 90' lang='lat' dir='ltr'>nisi</span> <span class='ocrx_word' id='word_1_290' title='bbox 1878 2402 2097 2449; x_wconf 89' lang='lat' dir='ltr'>lucraret</span> 
     </span>
     <span class='ocr_line' id='line_1_41' title="bbox 504 2468 2097 2533; baseline -0.001 -17"><span class='ocrx_word' id='word_1_291' title='bbox 504 2468 758 2533; x_wconf 88' lang='lat' dir='ltr'>pecunias,</span> <span class='ocrx_word' id='word_1_292' title='bbox 786 2468 915 2515; x_wconf 87' lang='lat' dir='ltr'>sicut</span> <span class='ocrx_word' id='word_1_293' title='bbox 944 2468 1140 2516; x_wconf 85' lang='lat' dir='ltr'>faciunt</span> <span class='ocrx_word' id='word_1_294' title='bbox 1168 2485 1346 2516; x_wconf 91' lang='lat' dir='ltr'>omnes</span> <span class='ocrx_word' id='word_1_295' title='bbox 1377 2469 1598 2516; x_wconf 80' lang='lat' dir='ltr'>Iudaei.’&#39;</span> <span class='ocrx_word' id='word_1_296' title='bbox 1669 2468 1743 2515; x_wconf 89' lang='lat' dir='ltr'>Et</span> <span class='ocrx_word' id='word_1_297' title='bbox 1768 2468 1974 2532; x_wconf 92' lang='lat' dir='ltr'>quando</span> <span class='ocrx_word' id='word_1_298' title='bbox 2000 2484 2097 2532; x_wconf 87' lang='grc'>080</span> 
     </span>
     <span class='ocr_line' id='line_1_42' title="bbox 505 2535 2098 2599; baseline 0 -17"><span class='ocrx_word' id='word_1_299' title='bbox 505 2535 608 2583; x_wconf 87' lang='lat' dir='ltr'>vidi</span> <span class='ocrx_word' id='word_1_300' title='bbox 644 2536 783 2599; x_wconf 93' lang='lat' dir='ltr'>quod</span> <span class='ocrx_word' id='word_1_301' title='bbox 820 2551 997 2582; x_wconf 88' lang='lat' dir='ltr'>eorum</span> <span class='ocrx_word' id='word_1_302' title='bbox 1033 2542 1176 2582; x_wconf 89' lang='lat' dir='ltr'>erant</span> <span class='ocrx_word' id='word_1_303' title='bbox 1213 2536 1326 2599; x_wconf 84' lang='lat' dir='ltr'>plus</span> <span class='ocrx_word' id='word_1_304' title='bbox 1361 2553 1517 2599; x_wconf 87' lang='lat' dir='ltr'>quam</span> <span class='ocrx_word' id='word_1_305' title='bbox 1553 2552 1802 2589; x_wconf 87' lang='lat' dir='ltr'>meorum,</span> <span class='ocrx_word' id='word_1_306' title='bbox 1839 2541 1964 2582; x_wconf 89' lang='lat' dir='ltr'>tunc</span> <span class='ocrx_word' id='word_1_307' title='bbox 2001 2552 2098 2599; x_wconf 87' lang='grc'>080</span> 
     </span>
     <span class='ocr_line' id='line_1_43' title="bbox 504 2601 2098 2666; baseline -0.001 -17"><span class='ocrx_word' id='word_1_308' title='bbox 504 2602 665 2658; x_wconf 88' lang='lat' dir='ltr'>abivi;</span> <span class='ocrx_word' id='word_1_309' title='bbox 704 2603 790 2650; x_wconf 89' lang='lat' dir='ltr'>sed</span> <span class='ocrx_word' id='word_1_310' title='bbox 824 2602 896 2649; x_wconf 84' lang='lat' dir='ltr'>fui</span> <span class='ocrx_word' id='word_1_311' title='bbox 922 2602 1068 2649; x_wconf 86' lang='lat' dir='ltr'>valde</span> <span class='ocrx_word' id='word_1_312' title='bbox 1101 2602 1258 2649; x_wconf 88' lang='lat' dir='ltr'>iratus</span> <span class='ocrx_word' id='word_1_313' title='bbox 1291 2603 1428 2666; x_wconf 95' lang='lat' dir='ltr'>quod</span> <span class='ocrx_word' id='word_1_314' title='bbox 1463 2604 1569 2666; x_wconf 91' lang='lat' dir='ltr'>ipse</span> <span class='ocrx_word' id='word_1_315' title='bbox 1602 2618 1704 2649; x_wconf 89' lang='lat' dir='ltr'>non</span> <span class='ocrx_word' id='word_1_316' title='bbox 1729 2602 1827 2650; x_wconf 88' lang='lat' dir='ltr'>fuit</span> <span class='ocrx_word' id='word_1_317' title='bbox 1854 2602 2021 2650; x_wconf 86' lang='lat' dir='ltr'>solus:</span> <span class='ocrx_word' id='word_1_318' title='bbox 2059 2601 2098 2649; x_wconf 94' lang='lat' dir='ltr'>si</span> 
     </span>
     <span class='ocr_line' id='line_1_44' title="bbox 504 2669 2095 2733; baseline 0 -16"><span class='ocrx_word' id='word_1_319' title='bbox 504 2669 777 2718; x_wconf 85' lang='lat' dir='ltr'>fuissemus</span> <span class='ocrx_word' id='word_1_320' title='bbox 793 2685 889 2733; x_wconf 88' lang='grc'>080</span> <span class='ocrx_word' id='word_1_321' title='bbox 906 2676 958 2717; x_wconf 90' lang='lat' dir='ltr'>et</span> <span class='ocrx_word' id='word_1_322' title='bbox 976 2669 1082 2733; x_wconf 89' lang='lat' dir='ltr'>ipse</span> <span class='ocrx_word' id='word_1_323' title='bbox 1098 2669 1247 2725; x_wconf 89' lang='grc'>301113,</span> <span class='ocrx_word' id='word_1_324' title='bbox 1266 2686 1362 2733; x_wconf 89' lang='grc'>080</span> <span class='ocrx_word' id='word_1_325' title='bbox 1378 2669 1563 2717; x_wconf 88' lang='lat' dir='ltr'>vellem</span> <span class='ocrx_word' id='word_1_326' title='bbox 1579 2669 1840 2717; x_wconf 91' lang='lat' dir='ltr'>diabolum</span> <span class='ocrx_word' id='word_1_327' title='bbox 1857 2669 2095 2733; x_wconf 88' lang='lat' dir='ltr'>posuisse.</span> 
     </span>
    </p>
   </div>
   <div class='ocr_carea' id='block_1_10' title="bbox 504 2809 2101 3138">
    <p class='ocr_par' dir='ltr' id='par_1_10' title="bbox 504 2809 2101 3043">
     <span class='ocr_line' id='line_1_45' title="bbox 551 2809 2101 2856; baseline 0 -12"><span class='ocrx_word' id='word_1_328' title='bbox 551 2809 580 2828; x_wconf 73' lang='lat'>⁶²</span> <span class='ocrx_word' id='word_1_329' title='bbox 599 2813 722 2854; x_wconf 78' lang='lat' dir='ltr'>Templ.</span> <span class='ocrx_word' id='word_1_330' title='bbox 773 2811 932 2855; x_wconf 87' lang='lat' dir='ltr'>Jacques</span> <span class='ocrx_word' id='word_1_331' title='bbox 962 2812 1007 2846; x_wconf 86' lang='lat' dir='ltr'>de</span> <span class='ocrx_word' id='word_1_332' title='bbox 1041 2811 1166 2856; x_wconf 87' lang='lat' dir='ltr'>Molay</span> <span class='ocrx_word' id='word_1_333' title='bbox 1195 2811 1266 2844; x_wconf 88' lang='lat' dir='ltr'>and</span> <span class='ocrx_word' id='word_1_334' title='bbox 1334 2811 1398 2845; x_wconf 88' lang='lat' dir='ltr'>the</span> <span class='ocrx_word' id='word_1_335' title='bbox 1428 2811 1666 2845; x_wconf 85' lang='lat' dir='ltr'>Dominicans</span> <span class='ocrx_word' id='word_1_336' title='bbox 1692 2811 1734 2845; x_wconf 90' lang='lat' dir='ltr'>of</span> <span class='ocrx_word' id='word_1_337' title='bbox 1757 2812 1959 2856; x_wconf 82' lang='lat' dir='ltr'>suspicions</span> <span class='ocrx_word' id='word_1_338' title='bbox 1987 2812 2101 2845; x_wconf 87' lang='lat' dir='ltr'>inter-</span> 
     </span>
     <span class='ocr_line' id='line_1_46' title="bbox 504 2857 2100 2904; baseline 0 -13"><span class='ocrx_word' id='word_1_339' title='bbox 504 2858 569 2892; x_wconf 86' lang='lat' dir='ltr'>the</span> <span class='ocrx_word' id='word_1_340' title='bbox 602 2859 746 2893; x_wconf 87' lang='lat' dir='ltr'>residue</span> <span class='ocrx_word' id='word_1_341' title='bbox 779 2859 821 2892; x_wconf 91' lang='lat' dir='ltr'>of</span> <span class='ocrx_word' id='word_1_342' title='bbox 852 2859 917 2892; x_wconf 88' lang='lat' dir='ltr'>the</span> <span class='ocrx_word' id='word_1_343' title='bbox 950 2858 1140 2904; x_wconf 82' lang='lat' dir='ltr'>Templars</span> <span class='ocrx_word' id='word_1_344' title='bbox 1174 2869 1267 2892; x_wconf 84' lang='lat' dir='ltr'>were</span> <span class='ocrx_word' id='word_1_345' title='bbox 1335 2869 1463 2892; x_wconf 86' lang='lat' dir='ltr'>course</span> <span class='ocrx_word' id='word_1_346' title='bbox 1489 2858 1576 2892; x_wconf 89' lang='lat' dir='ltr'>with</span> <span class='ocrx_word' id='word_1_347' title='bbox 1604 2858 1667 2892; x_wconf 87' lang='lat' dir='ltr'>the</span> <span class='ocrx_word' id='word_1_348' title='bbox 1692 2858 1800 2901; x_wconf 85' lang='lat' dir='ltr'>Jews,</span> <span class='ocrx_word' id='word_1_349' title='bbox 1826 2858 1909 2901; x_wconf 84' lang='lat' dir='ltr'>and,</span> <span class='ocrx_word' id='word_1_350' title='bbox 1936 2857 2100 2903; x_wconf 82' lang='lat' dir='ltr'>through</span> 
     </span>
     <span class='ocr_line' id='line_1_47' title="bbox 504 2904 2101 2951; baseline -0.001 -12"><span class='ocrx_word' id='word_1_351' title='bbox 504 2917 614 2939; x_wconf 85' lang='lat' dir='ltr'>seven</span> <span class='ocrx_word' id='word_1_352' title='bbox 633 2917 736 2950; x_wconf 85' lang='lat' dir='ltr'>years</span> <span class='ocrx_word' id='word_1_353' title='bbox 753 2906 790 2939; x_wconf 92' lang='grc'>111</span> <span class='ocrx_word' id='word_1_354' title='bbox 809 2907 932 2951; x_wconf 87' lang='lat' dir='ltr'>prison</span> <span class='ocrx_word' id='word_1_355' title='bbox 951 2906 1075 2940; x_wconf 85' lang='lat' dir='ltr'>before</span> <span class='ocrx_word' id='word_1_356' title='bbox 1089 2906 1178 2950; x_wconf 82' lang='lat' dir='ltr'>they</span> <span class='ocrx_word' id='word_1_357' title='bbox 1191 2909 1268 2938; x_wconf 87' lang='lat' dir='ltr'>met</span> <span class='ocrx_word' id='word_1_358' title='bbox 1334 2905 1433 2939; x_wconf 87' lang='lat' dir='ltr'>their</span> <span class='ocrx_word' id='word_1_359' title='bbox 1457 2905 1652 2948; x_wconf 89' lang='lat' dir='ltr'>influence,</span> <span class='ocrx_word' id='word_1_360' title='bbox 1680 2904 1846 2950; x_wconf 85' lang='lat' dir='ltr'>unjustly</span> <span class='ocrx_word' id='word_1_361' title='bbox 1871 2904 2101 2939; x_wconf 88' lang='lat' dir='ltr'>condemned</span> 
     </span>
     <span class='ocr_line' id='line_1_48' title="bbox 505 2951 2100 2996; baseline -0.001 -11"><span class='ocrx_word' id='word_1_362' title='bbox 505 2951 604 2985; x_wconf 84' lang='lat' dir='ltr'>their</span> <span class='ocrx_word' id='word_1_363' title='bbox 637 2953 711 2986; x_wconf 86' lang='lat' dir='ltr'>fate</span> <span class='ocrx_word' id='word_1_364' title='bbox 744 2952 878 2995; x_wconf 78' lang='lat'>(1314).</span> <span class='ocrx_word' id='word_1_365' title='bbox 928 2953 995 2986; x_wconf 88' lang='lat' dir='ltr'>See</span> <span class='ocrx_word' id='word_1_366' title='bbox 1030 2953 1077 2987; x_wconf 92' lang='lat' dir='ltr'>H.</span> <span class='ocrx_word' id='word_1_367' title='bbox 1110 2953 1148 2986; x_wconf 56' lang='grc' dir='ltr'>(Ἃ</span> <span class='ocrx_word' id='word_1_368' title='bbox 1182 2952 1265 2994; x_wconf 83' lang='lat' dir='ltr'>Lea,</span> <span class='ocrx_word' id='word_1_369' title='bbox 1335 2956 1374 2985; x_wconf 86' lang='lat' dir='ltr'>at</span> <span class='ocrx_word' id='word_1_370' title='bbox 1399 2951 1522 2985; x_wconf 86' lang='lat' dir='ltr'>Mainz</span> <span class='ocrx_word' id='word_1_371' title='bbox 1547 2952 1604 2986; x_wconf 85' lang='lat' dir='ltr'>for</span> <span class='ocrx_word' id='word_1_372' title='bbox 1630 2952 1761 2996; x_wconf 87' lang='lat' dir='ltr'>heresy</span> <span class='ocrx_word' id='word_1_373' title='bbox 1786 2953 1824 2985; x_wconf 91' lang='lat' dir='ltr'>in</span> <span class='ocrx_word' id='word_1_374' title='bbox 1854 2952 1942 2988; x_wconf 75' lang='lat'>1479</span> <span class='ocrx_word' id='word_1_375' title='bbox 1968 2952 2014 2996; x_wconf 96' lang='lat' dir='ltr'>by</span> <span class='ocrx_word' id='word_1_376' title='bbox 2035 2952 2100 2985; x_wconf 86' lang='lat' dir='ltr'>the</span> 
     </span>
     <span class='ocr_line' id='line_1_49' title="bbox 505 2998 2101 3043; baseline 0.001 -12"><span class='ocrx_word' id='word_1_377' title='bbox 505 3000 596 3032; x_wconf 75' lang='lat' dir='ltr'>Hist.</span> <span class='ocrx_word' id='word_1_378' title='bbox 615 3000 722 3040; x_wconf 76' lang='lat' dir='ltr'>Qf&#39;the</span> <span class='ocrx_word' id='word_1_379' title='bbox 738 3001 960 3043; x_wconf 54' lang='lat' dir='ltr'>Iniqui-sitim,</span> <span class='ocrx_word' id='word_1_380' title='bbox 979 2999 1049 3033; x_wconf 91' lang='lat' dir='ltr'>vol.</span> <span class='ocrx_word' id='word_1_381' title='bbox 1069 3000 1129 3041; x_wconf 86' lang='lat' dir='ltr'>iii.,</span> <span class='ocrx_word' id='word_1_382' title='bbox 1152 3000 1251 3032; x_wconf 88' lang='grc'>1888.</span> <span class='ocrx_word' id='word_1_383' title='bbox 1336 2998 1500 3042; x_wconf 71' lang='lat' dir='ltr'>Cologne</span> <span class='ocrx_word' id='word_1_384' title='bbox 1520 3000 1726 3043; x_wconf 83' lang='lat' dir='ltr'>inquisitor.</span> <span class='ocrx_word' id='word_1_385' title='bbox 1777 2999 1993 3032; x_wconf 85' lang='lat' dir='ltr'>Sometimes</span> <span class='ocrx_word' id='word_1_386' title='bbox 2015 3009 2101 3032; x_wconf 90' lang='lat' dir='ltr'>con-</span> 
     </span>
    </p>

    <p class='ocr_par' dir='ltr' id='par_1_11' title="bbox 505 3044 2101 3138">
     <span class='ocr_line' id='line_1_50' title="bbox 552 3044 2101 3080; baseline 0.001 -3"><span class='ocrx_word' id='word_1_387' title='bbox 552 3044 579 3062; x_wconf 67' lang='grc'>76</span> <span class='ocrx_word' id='word_1_388' title='bbox 609 3047 779 3079; x_wconf 66' lang='lat' dir='ltr'>Wesalz&#39;o:</span> <span class='ocrx_word' id='word_1_389' title='bbox 819 3046 969 3080; x_wconf 81' lang='lat' dir='ltr'>Johann</span> <span class='ocrx_word' id='word_1_390' title='bbox 1005 3046 1195 3080; x_wconf 80' lang='lat' dir='ltr'>Ruchrath</span> <span class='ocrx_word' id='word_1_391' title='bbox 1231 3046 1273 3079; x_wconf 91' lang='lat' dir='ltr'>of</span> <span class='ocrx_word' id='word_1_392' title='bbox 1336 3046 1439 3079; x_wconf 86' lang='lat' dir='ltr'>fused</span> <span class='ocrx_word' id='word_1_393' title='bbox 1470 3045 1557 3079; x_wconf 88' lang='lat' dir='ltr'>with</span> <span class='ocrx_word' id='word_1_394' title='bbox 1587 3046 1652 3079; x_wconf 90' lang='lat' dir='ltr'>the</span> <span class='ocrx_word' id='word_1_395' title='bbox 1682 3045 1791 3079; x_wconf 86' lang='lat' dir='ltr'>much</span> <span class='ocrx_word' id='word_1_396' title='bbox 1826 3057 1927 3079; x_wconf 88' lang='lat' dir='ltr'>more</span> <span class='ocrx_word' id='word_1_397' title='bbox 1960 3046 2101 3079; x_wconf 83' lang='lat' dir='ltr'>famous</span> 
     </span>
     <span class='ocr_line' id='line_1_51' title="bbox 505 3090 1950 3138; baseline 0 -13"><span class='ocrx_word' id='word_1_398' title='bbox 505 3090 723 3135; x_wconf 85' lang='lat' dir='ltr'>Oberwesel,</span> <span class='ocrx_word' id='word_1_399' title='bbox 748 3104 835 3126; x_wconf 87' lang='lat' dir='ltr'>near</span> <span class='ocrx_word' id='word_1_400' title='bbox 862 3093 1016 3138; x_wconf 85' lang='lat' dir='ltr'>Binge11‚</span> <span class='ocrx_word' id='word_1_401' title='bbox 1042 3093 1194 3128; x_wconf 85' lang='lat' dir='ltr'>accused</span> <span class='ocrx_word' id='word_1_402' title='bbox 1220 3092 1268 3138; x_wconf 87' lang='lat' dir='ltr'>by</span> <span class='ocrx_word' id='word_1_403' title='bbox 1335 3092 1486 3126; x_wconf 82' lang='lat' dir='ltr'>Johann</span> <span class='ocrx_word' id='word_1_404' title='bbox 1506 3092 1649 3127; x_wconf 70' lang='lat' dir='ltr'>W⁷essel</span> <span class='ocrx_word' id='word_1_405' title='bbox 1667 3093 1709 3126; x_wconf 91' lang='lat' dir='ltr'>of</span> <span class='ocrx_word' id='word_1_406' title='bbox 1721 3093 1950 3137; x_wconf 81' lang='lat' dir='ltr'>Groningen.</span> 
     </span>
    </p>
   </div>
   <div class='ocr_carea' id='block_1_11' title="bbox 1258 3152 1351 3192">
    <p class='ocr_par' dir='ltr' id='par_1_12' title="bbox 1258 3152 1351 3192">
     <span class='ocr_line' id='line_1_52' title="bbox 1258 3152 1351 3192; baseline 0 0"><span class='ocrx_word' id='word_1_407' title='bbox 1258 3152 1351 3192; x_wconf 76' lang='lat'>120</span> 
     </span>
    </p>
   </div>
  </div>
 </body>
</html>
