2247 3637
370 592 408 622 75

368 926 406 956 80

367 1260 405 1290 85

366 1599 404 1629 90

366 1933 404 1963 95

347 2269 406 2298 100

447 261 915 318 EPISTOLAE
975 260 1569 317 OBSCURORUM
1625 261 2036 318 VIRORUM

441 369 586 434 pluit.
659 369 733 416 Et
768 368 869 416 etia
905 368 977 416 ita
1013 368 1183 416 ninxit
1222 369 1362 432 quod
1404 385 1507 417 non
1543 368 1809 433 potuimus
1845 369 2037 434 aperire

440 436 616 484 oculos
663 442 876 484 nostros.
949 436 1099 484 Tunc
1139 435 1274 483 dixit
1312 435 1475 484 socius
1522 452 1667 484 meus
1711 444 1788 483 “o
1823 436 2038 492 diabole,

441 503 701 566 quomodo
724 503 877 567 friget
903 519 998 550 me.
1074 501 1127 549 Si
1153 518 1315 550 essem
1338 502 1503 551 adhuc
1531 502 1787 560 Coloniae,
1813 519 1909 567 ego
1934 519 2037 551 non

442 569 632 618 vellem
673 570 743 617 ire
791 570 855 617 ad
896 569 1107 616 Curiam
1146 569 1484 617 Romanam.'’
1553 569 1626 617 Et
1668 585 1764 634 ego
1799 570 1898 618 risi.
1974 571 2036 617 In

442 636 663 702 hospitio
688 643 863 685 autem
888 642 996 683 erat
1020 652 1123 683 una
1147 636 1357 701 pulchra
1383 637 1525 701 virgo
1545 655 1555 693 ;
1582 643 1634 684 et
1650 637 1713 684 de
1733 643 1884 684 nocte
1908 636 2036 684 fece-

441 710 564 752 runt
590 704 843 761 choream,
870 709 923 751 et
948 703 1113 750 socius
1138 719 1283 751 meus
1309 703 1581 752 chorisavit
1605 704 1763 751 etiam
1787 721 1796 751 :
1833 703 1907 751 Et
1931 703 2037 751 dixi

441 770 487 819 ei
527 771 667 836 quod
709 787 813 818 non
854 769 1062 818 deberet
1099 770 1293 818 faeere:
1345 770 1483 827 Quia
1517 771 1619 818 iam
1655 776 1734 818 est
1770 770 2037 835 lllagister,

441 845 494 886 et
529 855 632 886 non
668 838 876 886 deberet
912 853 1145 885 exercere
1181 838 1302 885 istas
1337 837 1587 885 levitates.
1662 837 1762 884 Sed
1799 838 1905 901 ipse
1932 854 2035 885 non

442 906 652 953 curavit.
726 905 800 952 Et
829 903 960 952 dixit
993 903 1147 952 mihi:
1198 904 1297 951 “Si
1333 904 1419 952 illa
1455 905 1597 968 virgo
1633 903 1790 952 vellet
1828 921 2035 953 mecum

441 972 662 1020 dormire
700 988 790 1036 per
826 988 983 1018 unam
1019 977 1227 1019 noctem
1264 972 1381 1036 Ego
1412 971 1597 1019 vellem
1627 971 1690 1018 de
1720 971 1896 1019 merda
1929 972 2036 1020 eius

441 1040 707 1087 comedere
741 1055 897 1086 unam
921 1038 1148 1086 libram.”
1206 1037 1280 1087 Et
1304 1055 1408 1086 non
1432 1038 1580 1104 potui
1605 1038 1823 1102 amplius
1848 1038 2034 1093 audire,

441 1105 528 1153 sed
569 1106 785 1170 allegavi
822 1106 1160 1154 Ecclesiastes
1198 1106 1289 1154 .I.:
1341 1106 1604 1153 “Vanitas
1653 1104 1943 1153 vanitatum
1983 1112 2037 1154 et

440 1173 613 1221 omnia
648 1172 889 1229 vanitaS‚”
928 1179 981 1222 et
1021 1173 1089 1220 ivi
1124 1172 1419 1220 dormitum.
1491 1174 1578 1221 De
1613 1189 1765 1220 mane
1800 1172 2036 1220 venimus

439 1240 503 1287 ad
551 1239 898 1305 Lanszpergk,
946 1239 1034 1287 ubi
1081 1239 1244 1287 socius
1291 1256 1435 1287 meus
1483 1239 1750 1304 supposuit
1798 1239 2035 1287 ancillam

440 1306 651 1372 hospitis
694 1324 783 1371 per
823 1314 1044 1355 noctem.
1117 1306 1191 1354 Et
1232 1306 1296 1355 de
1336 1323 1486 1354 mane
1533 1307 1740 1369 quando
1782 1306 2035 1354 exivimus

439 1374 738 1439 hospitium,
763 1381 890 1422 tunc
923 1391 1084 1438 equus
1118 1391 1238 1422 suus
1272 1373 1592 1429 claudicavit,
1620 1380 1672 1421 et
1697 1373 1831 1421 dixi:
1871 1382 2036 1439 “sup-

438 1441 640 1506 ponatis
682 1442 901 1506 amplius
942 1441 1218 1497 ancillas;'’
1261 1440 1348 1489 sed
1389 1457 1523 1489 unus
1563 1441 1705 1488 faber
1740 1441 1937 1488 iuvavit
1973 1441 2031 1488 ei.

439 1508 515 1556 Et
547 1515 725 1573 postea
758 1508 992 1556 venimus
1029 1508 1092 1555 ad
1119 1508 1420 1571 Schangaw,
1446 1508 1534 1555 ubi
1570 1508 1788 1555 emimus
1824 1507 2037 1572 pulchra

440 1576 658 1640 specula.
731 1576 937 1623 Deinde
983 1575 1170 1623 ivimus
1218 1591 1391 1623 versus
1435 1574 1665 1639 Ispruck.
1738 1575 1888 1622 Tunc
1934 1575 2035 1622 fuit

439 1643 512 1691 ita
554 1643 688 1690 mala
728 1643 810 1691 via
850 1643 990 1706 quod
1033 1642 1172 1706 Equi
1213 1658 1316 1689 non
1364 1648 1648 1706 potuerunt
1688 1641 1786 1697 ire;
1837 1648 1890 1690 et
1935 1641 2035 1690 fuit

438 1710 512 1758 ita
549 1709 804 1775 profunda
839 1710 1015 1757 merda
1056 1710 1195 1773 quod
1242 1708 1477 1756 transivit
1519 1708 1685 1772 Equis
1727 1708 1790 1756 ad
1832 1714 2036 1757 ventres

439 1777 682 1842 superius.
765 1777 840 1824 Et
887 1777 955 1825 sic
1001 1783 1119 1841 post
1166 1776 1354 1824 multas
1399 1775 1755 1823 tribulationes
1802 1775 2036 1823 venimus

440 1843 740 1908 Isprucken,
772 1844 861 1891 ubi
895 1843 995 1891 fuit
1031 1843 1270 1891 dominus
1307 1844 1594 1907 Imperator
1628 1849 1680 1890 et
1716 1842 1822 1890 eius
1860 1842 2036 1890 vasalli

440 1917 492 1959 et
527 1910 756 1959 Curiales
792 1917 845 1958 et
881 1917 1109 1975 satrapae
1134 1917 1188 1958 et
1211 1909 1400 1957 milites
1426 1915 1477 1956 et
1504 1909 1754 1973 armigeri,
1786 1910 2033 1958 habentes

437 1984 605 2026 vestes
640 1978 818 2026 sericas
854 1984 906 2026 et
943 1978 1182 2026 cathenas
1218 1993 1393 2025 aureas
1434 1977 1486 2024 in
1523 1976 1735 2024 collibus
1772 1976 1886 2024 suis.
1959 1976 2035 2025 Et

439 2044 595 2108 aliqui
635 2045 846 2092 fuerunt
885 2044 1135 2092 terribiles
1182 2061 1300 2092 cum
1343 2043 1510 2091 barbis
1537 2049 1588 2091 et
1627 2043 1826 2091 birretis
1870 2042 2032 2091 scissis

440 2110 743 2160 militariter.
816 2111 889 2159 Et
913 2112 1066 2159 timui
1092 2111 1358 2159 comedere
1382 2111 1434 2158 in
1459 2110 1697 2175 hospiti0,
1717 2109 1838 2174 quia
1862 2111 2035 2159 audivi

441 2194 605 2226 unum
630 2179 917 2226 dicentem:
956 2178 1010 2226 Si
1036 2185 1169 2226 esset
1196 2179 1500 2243 Imperator,
1520 2178 1626 2242 ipse
1647 2178 1803 2226 vellet
1828 2193 2033 2242 suspen-

440 2245 558 2293 dere
583 2262 759 2293 omnes
785 2246 1096 2301 Curtisanos‚
1130 2246 1250 2309 quia
1278 2245 1475 2292 vadunt
1500 2245 1727 2292 Romam
1752 2251 1805 2293 et
1828 2243 2034 2293 discunt

439 2312 707 2377 nequitias.
758 2321 786 2339 ‘⁴
800 2312 879 2359 Ibi
896 2313 1051 2360 etiam
1067 2312 1330 2377 decipiunt
1347 2329 1397 2359 se
1413 2311 1633 2360 invicem
1651 2328 1742 2377 pro
1759 2312 2033 2367 beneficiis,

440 2386 493 2427 et
519 2386 709 2427 vexant
734 2379 856 2427 alios
882 2380 1208 2427 beneficiatos
1233 2379 1285 2426 in
1311 2379 1571 2434 Almania,
1598 2385 1649 2426 et
1673 2378 1869 2426 faciunt
1893 2379 2033 2442 quod

438 2446 655 2511 pecunia
675 2447 814 2495 venit
833 2447 896 2494 ad
916 2447 1141 2494 Romam
1157 2447 1220 2494 de
1236 2446 1480 2493 Almania
1498 2463 1508 2493 :
1526 2447 1551 2463 ”
1588 2445 1663 2493 Et
1682 2446 1751 2493 sic
1770 2445 1874 2493 vidi
1893 2445 2033 2509 quod

439 2513 523 2562 isti
561 2513 786 2561 Curiales
822 2530 925 2560 non
963 2520 1141 2562 curant
1167 2514 1323 2561 deum
1348 2529 1514 2576 neque
1538 2512 1798 2560 homines:
1835 2519 1887 2560 et
1912 2528 2033 2576 ergo

485 2633 514 2653 ⁷²
530 2637 672 2669 ninoeits
728 2634 902 2669 Hutten's
953 2635 1114 2680 journey
1163 2640 1202 2669 to
1270 2633 1411 2675 kil-che,
1453 2632 1517 2667 the
1562 2632 1731 2678 splendid
1773 2634 1953 2680 cenotaph
1996 2635 2039 2669 of

440 2682 570 2725 Rome,
599 2683 703 2725 1515,
728 2682 818 2717 took
848 2681 951 2728 place
976 2681 1049 2716 late
1074 2683 1112 2715 in
1138 2683 1202 2716 the
1269 2678 1511 2714 Maximilian.

438 2733 606 2763 autumn.
1315 2726 1342 2745 ⁹⁵
1359 2731 1491 2769 satrap.
1542 2726 1597 2760 Cf.
1614 2738 1671 2760 z·—

486 2791 514 2810 ⁸⁵
531 2794 634 2826 Laus.
648 2805 660 2827 :
686 2792 911 2838 Landsberg,
930 2803 978 2827 on
995 2792 1059 2826 the
1077 2792 1184 2826 Lech.
1271 2791 1297 2808 “
1317 2791 1407 2824 Cum
1427 2789 1537 2824 simul
1555 2790 1592 2823 in
1612 2802 1735 2835 regem
1756 2802 1875 2836 nuper
1894 2794 2033 2836 satrap-

1385 2848 1496 2881 asque
1514 2837 1713 2871 Britannos

1316 2883 1437 2917 Ausus
1455 2895 1493 2918 es
1511 2884 1718 2927 infandum,
1739 2884 1876 2930 perfide
1894 2884 2031 2927 Fauxe,

1386 2931 1520 2964 nefas.’'

1270 2976 1420 3020 Milton,
1439 2979 1484 3010 In
1501 2979 1735 3012 Proditionem
1755 2979 2030 3012 Bombardicam.

486 2853 513 2873 ⁸⁷
531 2857 700 2890 claudia:
731 2856 821 2890 “sie
845 2855 911 2890 hat
935 2856 995 2890 ein
1021 2855 1201 2889 Hufeisen

439 2901 791 2937 verloren’'———-“she
812 2902 877 2937 has
897 2907 974 2937 cast
997 2914 1018 2936 a
1038 2902 1202 2936 shoe’'—

440 2948 470 2982 is
487 2948 565 2982 still
582 2950 658 2983 said
676 2949 750 2984 ofa
767 2949 838 2994 girl
856 2950 936 2983 who
954 2949 1019 2983 has
1041 2948 1112 2983 lost
1135 2948 1203 2983 her

438 2995 593 3030 honour.

487 3061 514 3081 ⁸⁹
531 3065 675 3108 Schcmy.
693 3076 700 3084 ·
726 3065 920 3110 Schongau
950 3077 997 3099 on
1010 3065 1074 3100 the
1094 3064 1188 3099 Lech
1315 3038 1343 3057 ⁹⁶
1361 3042 1523 3095 commi:
1549 3041 1606 3075 ἴω·
1623 3043 1726 3075 ‘'OlliS‘
1826 3088 1832 3096 .

688 3091 695 3100 '
925 3092 936 3108 ³
1193 3092 1200 3099 ·
1316 3085 1358 3105 ¹⁰³
1370 3098 1532 3130 pemmm.
1599 3088 1653 3121 Cf.
1684 3087 1867 3131 Rabelais,
1899 3089 2032 3122 Panta-

487 3130 515 3151 ⁹⁴
533 3134 626 3176 Ity)..-
651 3133 771 3168 where
796 3134 937 3177 stands,
957 3135 993 3167 in
1019 3133 1083 3168 the
1110 3132 1203 3168 Hof-
1264 3135 1377 3177 φησί,
1397 3135 1442 3168 iv.
1462 3136 1517 3169 53.

1202 3193 1295 3236 160
