2247 3637
386 983 405 1012 5

371 1316 408 1344 10

378 1992 417 2021 20

380 2326 419 2356 25

440 262 908 319 EPISTOLAE
969 263 1561 321 OBSCURORUM
1617 262 2025 320 VIRORUM

1204 501 1259 547 X

587 634 650 682 (ἰ
687 634 765 681 M.
805 634 1124 682 NOSTER
1172 634 1278 681 BA
1289 635 1338 681 R
1349 633 1568 681 THOL
1577 633 1700 681 OM
1694 633 1744 680 Α
1753 634 1809 680 Ε
1819 633 1873 680 U
1868 634 1911 679 S

954 701 1020 747 K
1023 702 1051 748 ζ
1058 702 1211 749 fCIsl
1222 701 1308 755 ⁷K,
1347 701 1425 749 M.
1470 701 1530 749 0.

535 834 836 881 ALUTES
867 834 1260 882 innumerabiles
1286 851 1404 882 cuin
1430 851 1630 882 summa
1655 834 1981 882 veneratione
2006 851 2034 880 a

567 907 711 965 parte
740 907 875 948 ante.
949 900 1266 949 Venerabilis
1300 901 1566 966 Magister,
1592 917 1697 949 non
1728 901 1867 949 facto
1898 917 2035 965 prae-

440 966 662 1023 ambulo,
690 973 779 1014 aut
804 968 970 1015 multo
995 967 1211 1016 circuitu
1237 969 1505 1017 verborum
1532 968 1730 1017 habetis
1755 967 1880 1016 scire
1904 968 2035 1015 sicut

440 1051 602 1099 nuper
649 1033 916 1098 scripsistis
959 1034 1083 1082 mihi
1123 1035 1261 1098 quod
1303 1035 1543 1084 deberem
1582 1035 1726 1083 vobis
1773 1034 2035 1082 notificare

440 1100 659 1164 qualiter
682 1101 954 1164 negocium
980 1102 1031 1149 in
1058 1118 1208 1149 causa
1232 1102 1349 1150 fidei
1376 1108 1479 1150 stat
1502 1102 1597 1150 hic.
1687 1102 1870 1150 Sciatis
1896 1101 2035 1165 quod

442 1169 571 1216 bene
595 1174 712 1224 stat,
740 1167 827 1215 sed
853 1169 996 1216 nsidi'i
1022 1168 1182 1216 exivit
1209 1169 1478 1217 Sententia
1506 1169 1791 1218 diffinitiva.
1864 1169 1935 1216 Et
1961 1175 2036 1217 est

443 1234 522 1282 hic
542 1251 673 1282 unus
702 1234 890 1283 Iurista
909 1235 997 1299 qui
1017 1242 1229 1283 vocatur
1254 1236 1512 1285 Martinus
1538 1236 1819 1301 Gronigen,
1839 1236 2039 1284 Doctor

444 1302 696 1359 SenensiS‚
713 1308 771 1350 ut
790 1301 897 1367 ipse
916 1302 1055 1359 dicit,
1073 1302 1193 1351 satis
1212 1310 1510 1367 praetensus
1529 1310 1582 1351 et
1599 1304 1861 1369 superbus.
1919 1303 2038 1367 Ipse

443 1368 599 1417 debet
634 1369 891 1417 latinisaie
930 1369 1209 1446 Speculum
1246 1370 1465 1426 oculare,
1508 1377 1562 1419 et
1603 1377 1678 1418 est
1715 1370 1864 1418 valde
1900 1386 2039 1435 prae·

443 1442 791 1500 sumptuosus,
817 1437 938 1500 quia
963 1438 1105 1512 cupit
1130 1436 1300 1485 videri
1373 1437 1555 1502 Aliqui
1586 1437 1801 1486 laudant
1825 1453 1958 1492 eum,
1986 1443 2039 1485 et

443 1502 671 1566 quaesivi
704 1520 867 1568 nuper
899 1520 962 1552 ex
995 1504 1092 1553 eis:
1132 1512 1159 1531 ‘⁶
1179 1504 1321 1561 Quid
1354 1456 1501 1569 plusq
1505 1505 1600 1553 scit
1639 1522 1795 1569 quam
1834 1504 2038 1552 alius?’'

445 1571 595 1618 'lunc
620 1570 877 1627 dixerunt,
903 1572 1042 1635 quod
1068 1571 1224 1620 habet
1252 1572 1440 1619 bonam
1477 1571 1716 1620 notitiam
1753 1572 1805 1620 in
1839 1588 2034 1636 graeco.

395 1649 412 1676 Γ»
447 1637 519 1685 Et
558 1638 627 1685 sic
666 1638 850 1686 videtis
891 1639 1030 1701 quod
1078 1655 1181 1686 non
1229 1645 1307 1687 est
1343 1638 1627 1688 curandum
1675 1639 1740 1687 de
1786 1655 1862 1695 eo,
1900 1638 2040 1695 Quia

445 1720 686 1769 graecum
728 1721 831 1752 non
873 1711 951 1753 est
997 1706 1061 1754 de
1108 1706 1327 1754 essentia
1376 1706 1557 1754 Sacrae
1604 1706 1893 1771 scripturae.
1966 1705 2041 1754 Et

449 1772 598 1820 credo
623 1772 762 1836 quod
788 1789 891 1820 non
916 1773 1011 1821 scit
1036 1789 1198 1821 unum
1227 1779 1482 1838 punctum
1517 1774 1568 1821 in
1605 1773 1743 1821 libris
1781 1772 2039 1822 Sententi-

448 1856 607 1887 arum.
703 1839 814 1887 Nec
862 1839 968 1904 ipse
1014 1846 1188 1904 posset
1227 1840 1352 1888 mihi
1394 1841 1615 1889 formare
1661 1857 1825 1888 unum
1874 1839 2038 1904 Syllo-

448 1905 672 1970 gismum
697 1905 748 1953 in
776 1908 971 1955 Baroco
1005 1913 1094 1956 aut
1134 1907 1390 1963 Celarent,
1418 1907 1537 1971 quia
1573 1924 1677 1955 non
1712 1914 1790 1956 est
1826 1907 2037 1972 logicus.

455 1975 571 2038 Ipse
608 1990 770 2038 nuper
794 1974 994 2021 vocavit
1033 1991 1116 2023 me
1152 1975 1380 2022 asinum:
1418 1981 1470 2023 et
1506 1974 1611 2022 dixi
1647 1974 1722 2023 ei:
1761 1975 1846 2022 “si
1882 1990 1934 2022 es
1970 1974 2041 2022 ita

450 2040 635 2096 audax,
653 2046 780 2088 tunc
804 2041 1010 2106 disputa
1034 2058 1237 2089 mecum
1255 2042 1307 2089 ”z
1334 2048 1386 2089 et
1409 2041 1612 2090 tibisavi
1637 2058 1755 2091 eum
1782 2041 2038 2089 audacter.

453 2107 526 2155 Et
566 2106 742 2155 tacuit.
816 2108 965 2155 'lunc
1013 2109 1227 2157 ulterius
1275 2109 1508 2157 vexando
1555 2125 1674 2156 eum
1721 2108 1827 2156 dixi
1876 2108 2041 2173 “Ego

451 2191 610 2239 arguo
635 2175 772 2238 quod
805 2181 863 2222 tu
901 2176 964 2223 sis
997 2176 1194 2224 asinus.
1234 2175 1408 2223 Primo
1433 2176 1531 2224 sic:
1570 2175 1834 2239 Quicquid
1870 2181 2043 2252 portat

452 2258 620 2297 one1a‚
670 2248 747 2290 est
794 2242 991 2290 asinus:
1044 2249 1104 2291 tu
1145 2249 1316 2308 portas
1363 2259 1544 2291 onera.
1597 2260 1718 2307 ergo
1765 2260 1816 2291 es
1857 2243 2041 2291 asinus.

455 2309 712 2357 Minorem
736 2309 914 2373 probo,
940 2309 1059 2374 quia
1082 2316 1141 2358 tu
1166 2316 1338 2386 ptoitas
1367 2311 1524 2358 istum
1557 2310 1759 2358 librum.
1833 2309 1907 2358 Et
1943 2309 2045 2358 fuit

454 2392 647 2432 verum,
691 2375 811 2440 quia
857 2375 963 2441 ipse
1010 2377 1235 2440 portavit
1277 2393 1439 2425 unum
1478 2377 1665 2425 librum
1704 2394 1859 2442 quem
1902 2376 2045 2425 dedit

455 2442 673 2491 Iacobus
719 2442 783 2491 de
826 2443 1189 2508 Questenberg
1229 2445 1292 2492 ad
1334 2443 1650 2492 studendum
1691 2444 1830 2492 intus
1869 2450 2046 2492 contra

454 2510 528 2557 M.
567 2510 646 2558 N:
685 2510 933 2557 Iacobum
971 2510 1035 2558 de
1066 2510 1434 2559 Hochstraten.
1507 2512 1657 2559 Tunc
1695 2527 1798 2558 non
1834 2510 1934 2558 fuit
1971 2510 2044 2558 ita

452 2577 674 2641 prudens
693 2577 832 2640 quod
852 2583 1061 2642 negaret
1081 2577 1204 2625 mihi
1226 2578 1493 2634 Maiorem,
1510 2578 1630 2641 quia
1645 2594 1748 2626 non
1763 2576 2045 2643 potuissem

499 2669 513 2690 ⁹
533 2673 731 2714 Groui-qen:
781 2671 919 2705 Martin
969 2672 1151 2716 Groniiig,
1197 2684 1217 2705 a

454 2719 576 2752 native
609 2718 652 2751 of
685 2719 858 2761 Bremen,
891 2718 963 2753 and
1002 2719 1139 2752 Doctor
1180 2719 1223 2752 of

457 2765 555 2799 Laws
588 2766 630 2799 of
657 2765 874 2810 Sinigaglia,
908 2765 1111 2799 translated
1153 2765 1218 2800 the

455 2814 704 2856 Auyenxpieyel
722 2813 801 2846 into
818 2812 938 2855 Latin,
957 2824 1004 2846 on
1031 2812 1159 2846 behalf
1181 2812 1222 2846 of

456 2858 653 2902 Reuehlin,
686 2859 758 2893 and
800 2860 935 2904 proved
976 2859 1040 2894 the
1073 2860 1217 2894 version

455 2906 651 2949 presented
691 2905 739 2951 by
782 2906 1033 2952 Hoogstraten
1073 2911 1112 2941 to
1153 2906 1217 2941 the

456 2952 565 2986 Curia
594 2952 684 2987 false
709 2954 747 2986 in
772 2965 882 2998 many
907 2965 1086 2999 passages.
1136 2954 1217 2995 See,

1282 2674 1412 2715 integre
1452 2674 1660 2714 translatus,
1693 2671 1904 2717 Tiibingen,
1942 2673 2046 2714 1515,

1283 2731 1354 2752 uas
1371 2719 1560 2753 dedicated
1579 2723 1618 2752 to
1635 2720 1735 2763 Ques
1720 2719 1907 2763 5ῐ9ιὼ9ηξ,
1926 2720 2025 2754 and
2017 2732 2047 2753 is

1284 2765 1460 2830 pro7bably
1478 2765 1542 2800 the
1560 2765 1654 2799 book
1672 2765 1821 2800 alluded
1839 2771 1888 2801 to.

1346 2811 1512 2855 ’φηθείη-
1544 2812 1660 2846 Jacob
1690 2812 1864 2847 Aurelius
1890 2825 1959 2848 von
1986 2814 2046 2858 Q„

1283 2871 1304 2892 a
1321 2860 1444 2894 native
1467 2859 1510 2893 of
1530 2859 1722 2904 Freiburg,
1741 2861 1779 2894 in
1804 2861 1965 2906 Saxony,
1982 2861 2023 2894 th
2013 2873 2048 2896 e

1288 2906 1315 2940 P
1316 2905 1393 2951 ope'
1396 2918 1412 2939 s
1446 2907 1588 2966 private
1620 2911 1819 2952 secretary,
1850 2907 1922 2941 had
1956 2908 2046 2942 been

1288 2951 1480 2987 Reuchlin’
1483 2966 1498 2987 5
1515 2953 1596 2986 firm
1614 2954 1735 2988 friend
1749 2965 1834 2988 ever
1846 2955 1945 2988 since
1959 2954 2048 2999 they

457 2999 485 3032 (¹
487 3000 647 3033 ⁸iesarius
665 3004 704 3033 to
724 3000 911 3043 Erasmus,
932 2999 1219 3046 Cologne,.1uly

456 3048 515 3087 30,
536 3047 636 3084 1517.
687 3045 769 3092 [Ep.
789 3045 998 3092 ΜΙ)(3ΧΧ.]

504 3091 531 3111 ²⁵
548 3094 684 3127 librum.
786 3095 1006 3128 {thanas-ius
1030 3096 1068 3128 in
1094 3095 1218 3128 librum

457 3140 675 3173 Psalmorum
707 3152 819 3183 nuper
844 3152 865 3175 a
895 3142 1023 3175 loamee
1052 3142 1219 3175 Reuchlin

1285 3000 1357 3033 had
1390 3000 1495 3034 made
1523 3001 1787 3045 acquaintance
1816 3001 1854 3034 in
1884 3000 1980 3046 Italy
2010 3002 2047 3035 in

1290 3047 1388 3081 1492.
1415 3048 1483 3081 See
1499 3047 1525 3079 F
1528 3073 1535 3081 .
1547 3046 1751 3090 Gueldner,
1764 3049 1873 3082 Jalcob
1888 3049 2049 3091 Questen-

1288 3095 1378 3137 ber-9,
1393 3096 1450 3128 ein
1468 3095 1648 3128 deutscher
1668 3096 1703 3127 H
1704 3096 1857 3128 umauz'st
1875 3096 1913 3128 iu
1932 3096 2045 3137 Hom„

1290 3140 1573 3185 Wernigorode,
1588 3143 1687 3175 1905.
1726 3141 1793 3176 See
1804 3140 1881 3175 also
1893 3141 1928 3175 ii.
1941 3141 1999 3184 28,
2012 3153 2047 3177 η.

1220 3201 1313 3242 154
