2247 3637
285 282 336 322 11.
361 282 428 332 ⁶7]
685 272 1169 329 NOLLERIUs
1224 272 1498 329 sTEofl

281 381 543 428 habebunt
590 381 747 428 etiam
794 379 1148 444 inquisitorem
1195 379 1457 427 Luxuriae
1505 378 1778 427 salacitatis
1813 379 1876 426 ad

283 448 431 496 illum
458 447 744 496 Hochstrat
767 447 852 512 qui
880 454 954 495 est
982 446 1252 510 inquisitor
1277 446 1559 494 haereticae
1583 445 1876 510 pravitatis:

285 522 411 563 tunc
437 531 514 562 res
538 515 667 562 bene
699 515 857 562 stabit
892 530 1011 562 cum
1047 514 1180 578 ipsis.
1254 513 1353 561 Vel
1379 513 1418 560 si
1444 513 1625 561 saltem
1651 514 1878 561 facerent

286 583 487 630 occulte
523 581 654 629 sicut
686 582 911 646 ipsorum
944 581 1132 646 priores
1160 580 1247 644 qui
1279 587 1466 628 vocant
1489 596 1571 628 eas
1599 581 1686 628 Ad
1714 580 1878 635 cellas,

286 649 355 696 ibi
403 665 555 696 nemo
601 656 775 712 potest
821 648 1021 697 videre:
1065 647 1138 695 Et
1180 646 1248 695 sic
1292 648 1420 695 bene
1460 647 1696 695 transiret
1733 647 1880 695 hinc:

287 716 565 763 Manifeste
606 722 782 764 autem
821 716 890 763 sic
932 732 1080 780 super
1121 731 1202 762 eas
1240 714 1433 770 cadere,
1470 721 1547 763 est
1583 714 1880 762 scandalum

285 782 383 830 toti
426 782 603 830 ordini.
680 784 805 831 Ideo
847 784 1041 831 faciatis
1079 781 1260 830 melius
1303 783 1366 829 ad
1405 782 1514 830 hoc.
1593 782 1722 828 Post
1756 781 1881 828 haec

286 850 459 897 omnia
493 850 626 897 traxi
663 851 850 898 iterum
887 850 950 897 ad
995 850 1220 905 Curiam,
1246 848 1319 897 Et
1355 849 1522 896 adhuc
1558 848 1627 895 ibi
1664 854 1882 912 expecto

285 917 615 1032 {ratiasrdei
689 917 887 966 Valete.
987 917 1188 965 Datum
1238 916 1438 964 Romae
1486 916 1537 963 in
1586 915 1882 966 Refectorio

333 991 522 1048 ap1t01.

976 1211 1196 1258 LXVII

393 1357 456 1405 {I
482 1357 640 1404 ΕΒΑ
658 1358 813 1404 TER
849 1357 1182 1404 NOLLER
1191 1358 1224 1404 I
1230 1358 1324 1404 US
1354 1357 1627 1405 STECH
1656 1357 1774 1404 DE

695 1424 787 1472 CA
796 1424 901 1471 LA
909 1424 1106 1471 BRIA
1149 1424 1228 1472 M.
1272 1425 1454 1472 Ortvin
1462 1441 1488 1471 0

418 1568 715 1616 EVOTAS
753 1585 891 1616 meas
928 1568 1179 1616 orationes
1212 1575 1335 1632 opto
1366 1568 1507 1617 vobis
1544 1569 1656 1616 loco
1693 1568 1881 1616 salutis.

452 1635 776 1683 Excellentia
800 1642 969 1683 vestra
992 1635 1343 1700 theologicalis
1375 1636 1468 1683 scit
1493 1635 1632 1699 quod
1658 1652 1753 1700 ego
1782 1636 1884 1683 iam

287 1702 404 1750 veni
428 1702 572 1766 quasi
596 1703 889 1767 peregrinus
914 1719 976 1750 ex
1004 1709 1182 1750 monte
1213 1703 1385 1766 Synai.
1458 1702 1680 1751 Nescitis
1709 1709 1885 1751 tamen

287 1787 443 1833 quam
470 1769 634 1817 multa
657 1786 770 1817 sum
797 1786 971 1834 passus
997 1769 1048 1817 in
1074 1770 1170 1818 hoc
1194 1775 1443 1834 tempore,
1464 1769 1670 1832 quando
1694 1787 1723 1817 a
1741 1769 1885 1818 vobis

286 1854 316 1884 a
353 1837 567 1884 Colonia
602 1837 810 1885 recessi:
848 1837 1062 1901 longum
1101 1843 1232 1885 esset
1266 1837 1409 1885 vobis
1445 1836 1529 1884 illa
1566 1836 1738 1884 omnia
1774 1837 1886 1885 scri-

288 1904 420 1960 bere,
447 1904 566 1968 quia
589 1904 760 1951 nullus
785 1904 910 1952 alius
936 1904 1129 1952 amicus
1159 1904 1284 1952 mihi
1309 1911 1538 1969 superest
1567 1904 1647 1952 cui
1673 1904 1885 1952 necessi-

285 1978 449 2019 tatem
486 1988 655 2019 meam
693 1987 1024 2034 conquererer
1059 1978 1258 2036 praeter
1294 1989 1412 2020 vos:
1454 1972 1659 2034 quando
1695 1971 1886 2034 aliquid

286 2039 400 2086 dico
436 2039 488 2085 in
523 2038 847 2095 monasterio,
876 2045 1003 2086 tunc
1041 2039 1216 2086 statim
1252 2039 1562 2103 respondent
1598 2038 1751 2087 mihi:
1789 2046 1816 2064 ‘⁶
1837 2039 1883 2086 O

285 2113 346 2153 tu
388 2123 491 2154 non
533 2122 584 2154 es
626 2105 741 2153 ideo
780 2105 1060 2154 claustralis
1101 2106 1242 2169 quod
1281 2106 1435 2154 velles
1473 2105 1657 2154 habere
1696 2106 1885 2153 bonam

288 2173 495 2221 vitam.”
582 2173 704 2220 Non
745 2173 813 2221 sic
855 2173 1013 2238 impii,
1056 2189 1161 2221 non
1203 2173 1286 2221 sic.
1373 2173 1490 2237 Ego
1532 2190 1635 2221 non
1678 2189 1885 2237 possum

289 2240 580 2304 excogitare
612 2241 749 2288 unde
774 2240 963 2295 veniat,
989 2240 1084 2288 nisi
1120 2257 1183 2288 ex
1219 2240 1306 2288 illa
1337 2240 1473 2288 mala
1507 2240 1715 2287 fortuna
1746 2240 1885 2303 quod

291 2307 365 2355 M.
393 2314 565 2355 noster
602 2307 819 2355 Iacobus
844 2307 907 2356 de
937 2307 1226 2356 Hochstrat
1256 2307 1511 2356 consumit
1547 2308 1619 2354 ita
1643 2323 1884 2370 magnam

288 2391 546 2422 summam
587 2375 831 2438 pecuniae
868 2374 920 2422 in
959 2375 1097 2422 curia
1137 2375 1232 2422 Ro.
1274 2381 1480 2439 propter
1518 2374 1672 2421 fidem
1716 2374 1883 2421 Chris-

286 2442 483 2490 tianam
525 2458 681 2504 quam
723 2442 807 2489 ille
847 2459 1066 2505 nequam
1114 2442 1255 2490 Ioan.
1301 2442 1498 2489 Reuch.
1538 2440 1791 2489 destruxit
1833 2440 1886 2488 in

290 2526 381 2557 suo
409 2508 628 2573 Speculo
655 2509 890 2557 Oculari:
921 2526 1018 2573 ego
1043 2509 1193 2557 credo
1218 2509 1357 2572 quod
1382 2508 1553 2556 omnia
1578 2507 1886 2555 monasteria

288 2583 463 2624 nostra
498 2576 687 2624 debent
724 2576 768 2624 ei
805 2576 1008 2624 mittere
1044 2576 1344 2641 pecuniam:
1380 2577 1499 2639 quia
1529 2581 1733 2640 oportet
1765 2591 1885 2623 eum

289 2660 398 2692 esse
423 2643 682 2691 libeialem
709 2644 877 2691 dando
902 2643 1140 2691 hincinde
1171 2642 1524 2691 Caldinalibus
1549 2642 1801 2706 propinas,
1827 2648 1886 2689 ut

290 2710 520 2757 iudicant
556 2727 646 2775 pro
683 2728 735 2758 se
768 2717 819 2759 et
853 2727 958 2758 non
986 2728 1078 2775 pro
1106 2712 1246 2758 Ioan.
1276 2710 1471 2757 Reuch
1548 2710 1672 2756 Ideo
1697 2710 1887 2774 priores

293 2777 450 2824 nostri
484 2777 782 2825 abbreviant
815 2777 960 2825 nobis
984 2778 1180 2834 vinum,
1206 2777 1439 2840 quamvis
1475 2776 1718 2823 Salomon
1751 2776 1887 2823 dicat

292 2844 557 2900 “MusicQ
584 2845 765 2892 mulier
794 2852 846 2893 et
875 2846 1053 2893 vinum
1082 2845 1361 2892 laetificant
1390 2860 1475 2890 cor
1508 2843 1769 2890 hominis.⁷‘
1796 2843 1884 2918 pri.

293 2911 521 2975 proverb.
552 2911 703 2958 XII.
776 2913 850 2959 Et
875 2928 971 2976 ego
1003 2929 1086 2960 me
1120 2928 1318 2974 semper
1350 2927 1560 2958 exerceo
1589 2909 1640 2957 in
1678 2911 1887 2965 musica,

297 2977 527 3024 Psalmos
563 2977 614 3024 in
645 2978 797 3025 choro
834 2978 1046 3042 lyrando
1081 2984 1132 3027 et
1162 2977 1437 3025 ululando:
1474 2983 1526 3024 et
1555 2977 1649 3024 hoc
1680 2993 1784 3025 non
1813 2984 1891 3025 est

344 3105 354 3123 ¹
373 3105 413 3136 (lc
449 3104 543 3136 Cast:
576 3101 678 3147 perh.
709 3101 751 3135 of
779 3102 842 3136 the
872 3102 993 3137 (lrder
1021 3103 1063 3136 of
1177 3099 1380 3135 12nmisios
1407 3100 1501 3135 I‘sal.
1521 3101 1542 3134 i.
1562 3101 1594 3135 4.

296 3149 478 3185 Ber-thola
497 3149 538 3183 of
550 3148 730 3183 Calabria.
1175 3146 1202 3166 ²³
1216 3159 1312 3190 pror.
1332 3150 1395 3181 mii.
1411 3160 1423 3182 .·
1448 3148 1591 3182 Ecclus.
1611 3147 1659 3182 xl.
1678 3147 1733 3183 20.

1059 3210 1156 3255 277

1912 461 1970 491 110

1916 791 1974 821 115

1921 2054 1959 2083 10

1921 2386 1958 2415 15

1922 2725 1960 2753 2¹]
