2247 3637
974 419 1142 467 XLII

473 550 536 598 (Κ
586 550 664 596 M.
706 549 755 595 Α
768 549 928 597 ΟΗΑ
947 550 979 596 'l
986 549 1032 595 'I
1039 549 1131 596 (IS
1163 548 1267 595 LA
1277 547 1624 595 MPIRIUS'

633 616 712 664 M.
757 616 972 664 Ortve'no
1012 615 1202 664 Gratio
1239 616 1290 663 S.
1331 615 1393 662 P.
1432 615 1504 662 D.

307 747 316 750 ’
375 744 588 793 ALDE
627 743 797 800 miror,
824 744 899 791 vir
923 744 1246 799 lionorabiliS‚
1271 743 1410 809 quod
1446 742 1663 791 scribitis
1692 742 1856 790 omni·

398 811 491 859 bus
511 810 657 859 sociis
677 817 729 859 et
747 811 948 859 Amicis
964 812 1144 860 vestris
1164 812 1391 859 Romam
1407 826 1597 866 versus,
1617 816 1670 858 et
1690 809 1856 857 solum

258 879 383 926 mihi
408 895 512 926 non
531 878 762 934 scribitis,
780 894 898 926 cum
915 879 1114 927 dixistis
1132 885 1307 927 tamen
1323 878 1462 942 quod
1481 877 1638 925 vultis
1658 893 1856 941 semper
1891 894 1909 922 5

258 945 474 994 scribere
499 945 637 993 mihi.
695 945 794 994 Sed
815 944 1045 994 intellexi
1064 946 1128 993 ab
1153 962 1257 993 uno
1280 945 1370 1010 qui
1386 944 1527 994 venit
1551 961 1615 992 ex
1641 943 1858 993 Colonia

258 1012 398 1076 quod
435 1011 602 1060 velitis
638 1012 857 1061 libenter
891 1013 1075 1062 habere
1117 1013 1263 1061 illum
1306 1019 1469 1060 artem
1508 1012 1572 1060 de
1610 1028 1712 1076 qua
1750 1010 1856 1058 dixi

258 1079 402 1128 vobis
444 1079 615 1128 semel.
689 1078 944 1128 Videlicet
993 1088 1053 1129 ut
1098 1079 1294 1128 faciatis
1341 1080 1482 1144 quod
1530 1096 1633 1127 una
1674 1078 1858 1126 mulier

258 1146 484 1195 maxime
519 1153 658 1195 amat
696 1163 873 1195 unum.

359 1214 614 1271 Quamvis
633 1214 742 1278 jam
761 1230 865 1262 non
884 1213 1151 1280 scripsistis
1166 1213 1308 1270 mihi,
1323 1219 1498 1262 tamen
1516 1212 1634 1261 volo
1650 1211 1857 1261 mittere

256 1282 416 1338 vobis,
441 1288 502 1330 ut
536 1281 751 1346 potestis
777 1281 945 1329 videre
979 1281 1199 1345 qualiter
1222 1281 1379 1346 diligo
1403 1297 1506 1329 vos.
1580 1280 1719 1336 Quia
1753 1296 1857 1327 non

258 1348 376 1397 volo
411 1348 605 1412 aliquid
642 1348 693 1396 in
730 1355 925 1397 secreto
960 1348 1146 1397 habere
1181 1365 1300 1413 prae
1325 1347 1486 1404 vobis,
1511 1347 1598 1396 sed
1623 1347 1742 1395 volo
1767 1364 1857 1395 vos

257 1416 438 1466 docere

444 1453 454 1468 ⁹
511 1487 535 1504 “
552 1482 668 1529 Quae
690 1488 850 1521 veteres
870 1485 986 1520 sociis
1005 1482 1201 1520 nolebant
1223 1482 1402 1532 pandere
1422 1480 1593 1520 charis.'’

358 1563 458 1612 Est
490 1569 665 1611 autem
698 1562 814 1611 talis
847 1579 925 1611 ars
958 1562 1056 1611 illa.
1131 1562 1233 1612 Sed
1270 1579 1374 1611 non
1411 1562 1607 1611 debetis
1632 1562 1855 1627 aliquem
1911 1581 1929 1610 5

256 1631 467 1680 docere:
497 1631 618 1695 quia
640 1630 713 1678 ita
736 1629 993 1678 abscondo
1017 1629 1173 1686 illam,
1191 1630 1331 1694 quod
1349 1645 1453 1678 non
1469 1629 1655 1678 vellem
1675 1630 1856 1678 docere

255 1699 466 1747 fratrem
482 1713 657 1746 meum
677 1715 687 1746 z
712 1696 834 1761 quia
849 1696 964 1762 plus
977 1696 1122 1745 Amo
1138 1714 1229 1745 vos
1244 1713 1401 1761 quam
1410 1697 1647 1745 Fratrem
1662 1713 1853 1745 meum.

256 1765 398 1830 Ergo
414 1765 532 1813 volo
548 1763 852 1830 participare
867 1763 1149 1813 vobiscum.
1201 1763 1275 1812 Et
1289 1763 1487 1812 faciatis
1503 1763 1574 1812 sic
1593 1780 1603 1812 τ
1630 1763 1856 1820 Quando

256 1831 439 1880 amatis
464 1849 620 1880 unam
646 1832 930 1888 mulierem,
955 1838 1082 1880 tunc
1107 1831 1305 1880 debetis
1329 1848 1571 1895 quaerere
1595 1830 1857 1895 quomodo

255 1906 471 1948 vocatur
494 1899 601 1964 ipsa
626 1905 679 1947 et
704 1899 966 1963 quomodo
992 1906 1206 1947 vocatur
1222 1899 1396 1947 Mater
1419 1899 1542 1947 eius.
1603 1898 1678 1946 Et
1701 1915 1854 1963 pona·
1890 1916 1908 1943 2

255 1983 371 2016 mus
411 1983 554 2015 casus
589 1967 731 2031 quod
766 1966 948 2014 amatis
985 1983 1143 2014 unam
1179 1983 1281 2031 que
1305 1972 1519 2015 vocatur
1544 1966 1767 2014 Barbara
1803 1972 1856 2014 et

255 2040 421 2082 mater
444 2033 552 2083 eius
571 2040 785 2082 vocatur
809 2033 948 2082 Elsa.
1003 2034 1153 2081 Tunc
1178 2034 1432 2098 quaeratis
1456 2051 1620 2082 unum
1646 2032 1855 2082 Crinem

255 2102 319 2149 de
336 2101 502 2166 capite
517 2101 675 2166 ipsius
692 2101 945 2149 Barbarae
961 2107 1014 2150 et
1029 2101 1237 2165 quando
1252 2101 1451 2149 habetis
1467 2101 1612 2149 illum
1628 2101 1854 2157 Crinem‚

255 2168 453 2216 debetis
478 2184 586 2216 esse
612 2168 864 2216 contritus
896 2175 949 2216 et
983 2169 1242 2217 confessus
1266 2168 1349 2217 vel
1385 2169 1449 2216 ad
1485 2167 1656 2217 minus
1689 2167 1856 2216 dicere

257 2235 645 2284 Confessionem
664 2235 969 2300 generalem.
1031 2235 1238 2284 Deinde
1261 2235 1458 2284 faciatis
1482 2252 1640 2284 unam
1666 2234 1855 2299 Imagi-
1890 2272 1906 2279 -

255 2318 374 2350 nem
399 2303 463 2351 de
488 2303 619 2351 Cera
643 2302 871 2368 virginea
907 2309 960 2351 et
994 2302 1192 2352 faciatis
1227 2302 1397 2368 legere
1428 2310 1531 2352 tres
1563 2303 1739 2351 missas
1769 2302 1852 2350 de-

255 2386 406 2435 super
420 2370 629 2435 ligando
644 2369 791 2418 illum
809 2369 1018 2419 Crinem
1035 2370 1226 2418 circum
1244 2370 1435 2419 collum
1451 2370 1620 2436 ipsius.
1665 2370 1854 2417 Postea

254 2453 359 2485 uno
384 2453 535 2485 mane
560 2437 776 2485 audiatis
801 2436 938 2502 prius
957 2436 1179 2495 missam,
1200 2437 1382 2486 deinde
1402 2437 1659 2502 accipiatis
1680 2436 1852 2484 Ollam

255 2520 443 2552 novam
477 2503 750 2553 vitreatam
786 2520 906 2553 cum
944 2521 1077 2568 aqua
1115 2511 1168 2554 et
1205 2504 1402 2554 faciatis
1442 2505 1626 2569 Ignem
1664 2503 1715 2551 in
1751 2519 1854 2551 una

256 2571 474 2620 Camera
507 2571 678 2620 clausa
714 2570 942 2636 undique
973 2577 1026 2620 et
1056 2572 1256 2621 faciatis
1286 2572 1491 2620 fumum
1523 2572 1586 2619 de
1617 2570 1769 2618 thure
1800 2576 1853 2618 et

255 2638 538 2687 incendatis
580 2655 736 2686 unam
780 2639 1044 2687 candelam
1085 2640 1149 2688 de
1191 2656 1304 2689 cera
1344 2656 1493 2695 nova,
1533 2639 1585 2686 in
1627 2654 1730 2701 qua
1775 2643 1853 2686 est

302 2726 330 2746 ¹⁴
349 2730 441 2771 Quae
458 2733 535 2771 ret„
555 2728 620 2762 &C-
638 2739 694 2763 :-
1137 2728 1164 2750 ³¹
1184 2733 1219 2764 in
1248 2742 1329 2774 qua,
1357 2729 1422 2763 &a
1438 2741 1451 2763 :
1475 2728 1577 2773 large
1602 2740 1679 2762 wax
1706 2727 1854 2762 eandles

256 2786 282 2802 “
301 2785 460 2831 Jamque
496 2785 624 2829 legent
659 2787 764 2832 pueri
808 2797 873 2832 pro
914 2787 1022 2832 nugis
1090 2777 1179 2812 used
1229 2778 1266 2811 in
1317 2776 1498 2811 ehurches
1546 2779 1584 2809 at
1634 2775 1852 2810 Eastertide.

350 2833 567 2867 Maximiani
1091 2825 1117 2842 “
1132 2824 1227 2858 U'ax
1245 2824 1339 2858 from
1358 2823 1422 2858 the
1444 2821 1593 2857 candles
1617 2821 1856 2857 consecrated

302 2879 408 2923 Quae
425 2880 689 2924 veteres,’'&c,
1089 2876 1128 2905 at
1169 2870 1333 2905 Easter”
1374 2871 1403 2904 is
1439 2881 1487 2904 an
1520 2869 1734 2914 ingl-edient
1765 2869 1808 2903 of
1834 2880 1852 2903 a

1090 2917 1245 2962 magieal
1275 2918 1402 2963 potion
1432 2918 1470 2950 in
1497 2928 1518 2950 a
1547 2916 1687 2962 receipt
1715 2916 1787 2950 due
1815 2920 1856 2950 to

1091 2966 1117 2982 “
1130 2976 1201 2999 one
1219 2964 1384 3010 Max-tyn,
1397 2975 1444 2998 an
1461 2964 1627 3007 organist
1643 2963 1686 2998 of
1698 2963 1854 3005 Botzen,

1088 3024 1109 3045 a
1145 3012 1288 3045 famous
1324 3010 1532 3055 conjurer.”
1590 3012 1658 3045 The
1696 3012 1858 3055 Trayieal

1089 3060 1235 3102 Hister-3)
1268 3059 1315 3101 of
1337 3060 1471 3100 Jetzer,
1511 3057 1639 3101 Lond.,
1681 3059 1784 3101 1679,
1820 3069 1852 3103 p.

1093 3106 1145 3140 15.

1018 3185 1113 3226 219

254 2936 344 2970 This
362 2936 513 2981 couplet
529 2949 657 2971 occurs
674 2938 712 2972 in
730 2937 795 2972 the
818 2939 1021 2972 Doctrinale

254 2984 296 3018 of
310 2982 522 3018 Alexander
538 2984 810 3019 Grammaticus
826 2984 874 3028 (ν.
893 2985 940 3028 4).

302 3029 327 3048 ²⁷
347 3032 482 3073 ipsius:
507 3032 558 3064 i.e.
580 3031 606 3048 “
618 3031 660 3065 of
672 3031 737 3066 the
754 3031 908 3075 image.''

302 3075 329 3095 ²⁹
347 3079 425 3111 vitr.
438 3089 451 3111 ‚⁰
475 3077 596 3112 either
617 3079 643 3095 “
656 3079 761 3113 made
779 3079 822 3112 of
831 3077 1022 3123 glass,''or

254 3123 395 3170 merely
414 3125 441 3142 “
452 3123 614 3169 glazed.’'

1892 1228 1929 1257 10

1889 2585 1927 2615 30
