2247 3637
214 277 336 328 1.16]
393 266 933 323 MATTHAEUS
986 266 1658 323 MELLILAMBIUS

212 374 360 421 Tunc
386 390 481 437 ego
507 374 626 421 steti
652 391 742 439 pro
769 375 927 430 vobis,
948 381 1000 422 et
1025 375 1161 423 dixi:
1201 382 1228 401 ‘⁶
1247 375 1454 422 domine
1479 375 1807 431 baccalaurie,

213 441 293 489 vel
319 441 537 505 qualiter
561 440 680 488 estis
705 442 1043 505 qualificatus,
1069 458 1157 489 vos
1182 442 1301 489 estis
1328 442 1493 489 adhuc
1520 441 1724 505 juvenis
1758 449 1810 490 et

213 525 316 555 non
340 508 592 555 deberetis
618 508 906 572 vituperare
931 509 1215 573 magistros.
1290 509 1444 566 Quia,
1470 515 1530 556 ut
1563 510 1808 584 smiptum

212 575 428 622 habetur
461 575 511 622 in
537 576 831 639 evangelio:
870 584 880 602 ‘
900 576 1019 623 Non
1046 583 1123 624 est
1147 575 1424 640 discipulus
1450 593 1601 640 super
1625 593 1809 640 magis-

212 643 384 689 trum]
476 641 541 691 S3
591 659 680 689 vos
728 644 847 690 estis
903 643 1068 690 adhuc
1122 642 1416 707 discipulus,
1464 649 1516 690 et
1572 643 1810 691 dominus

214 709 463 756 Ortvinus
488 715 565 756 est
591 708 833 772 magister
857 716 974 757 octo
995 710 1075 758 vel
1100 710 1277 758 decem
1302 727 1583 766 annorum;
1620 717 1672 758 et
1691 726 1811 775 ergo

214 792 316 822 non
340 774 460 823 estis
486 776 739 824 sufficiens
773 777 836 824 ad
874 776 1271 841 vituperandum
1306 794 1469 826 unum
1506 778 1811 842 magistrum

213 842 294 890 vel
335 843 501 890 virum
545 843 595 890 in
636 843 727 891 tali
767 843 1018 919 dignitate
1066 845 1438 900 constitutum;
1487 845 1607 892 alias
1655 845 1810 892 etiam

212 910 482 958 invenietis
508 909 731 974 aliquem
760 912 848 974 qui
886 911 1197 976 vituperabit
1233 928 1338 966 vos,
1366 911 1523 960 etiam
1562 912 1600 959 si
1638 911 1811 959 essetis

213 977 381 1025 adhuc
406 977 477 1024 ita
502 978 762 1041 superbus.
837 980 944 1026 Vos
980 978 1177 1027 debetis
1213 979 1397 1027 habere
1434 979 1809 1035 verecundiam,

214 1050 267 1092 et
299 1060 402 1092 non
439 1044 605 1093 facere
642 1045 807 1093 talia.'’
878 1046 1026 1093 Tunc
1067 1046 1173 1110 ipse
1215 1045 1374 1094 dixit:
1427 1045 1590 1110 “Ego
1631 1046 1811 1110 loquor

215 1112 501 1167 veritatem,
539 1119 591 1159 et
628 1112 729 1160 scio
765 1112 978 1177 probare
1014 1113 1152 1160 dicta
1188 1130 1302 1161 mea
1337 1119 1389 1161 et
1426 1130 1529 1161 non
1568 1113 1685 1161 volo
1722 1130 1810 1161 vos

214 1178 474 1243 respicere,
517 1179 636 1242 quia
674 1179 924 1228 Ortvinus
966 1186 1043 1228 est
1086 1181 1300 1245 spurius,
1338 1187 1391 1228 et
1431 1180 1643 1243 quidam
1679 1181 1810 1228 lans—

214 1263 432 1293 mannus
480 1263 602 1294 suus
648 1246 778 1293 dixit
826 1247 950 1294 mihi
997 1264 1087 1311 pro
1142 1263 1277 1304 vero,
1326 1247 1445 1311 quia
1499 1248 1646 1295 novit
1701 1247 1811 1311 ejus

212 1330 262 1377 p
248 1330 301 1360 u
303 1319 462 1368 entes,
480 1319 532 1361 et
550 1314 706 1361 etiam
727 1331 822 1388 ego
842 1315 958 1362 volo
977 1331 1054 1362 sci
1056 1314 1191 1363 lbere
1210 1315 1306 1362 hoc
1325 1314 1522 1362 doctori
1537 1315 1810 1371 Reuchlin,

214 1381 334 1444 quia
358 1381 524 1428 adhuc
548 1397 651 1428 non
676 1381 785 1429 scit
849 1381 950 1429 Sed
951 1398 1129 1465 ’''quale
1154 1381 1352 1429 velletis
1377 1398 1460 1429 me
1486 1399 1517 1428 v
1521 1382 1806 1447 ituperare.
1794 1386 1811 1418 ²

220 1449 264 1494 Χ
268 1464 323 1495 03
371 1448 498 1495 nihil
546 1446 684 1496 scitis
732 1448 796 1495 de
844 1449 960 1496 me.’
1063 1448 1213 1495 Tunc
1268 1465 1364 1513 ego
1412 1449 1548 1497 dixi:
1611 1449 1810 1504 “Ecce‚

214 1514 408 1562 domini
433 1514 569 1570 socii,
597 1515 691 1563 iste
716 1515 1005 1580 praetendit
1037 1531 1089 1564 se
1121 1532 1228 1563 esse
1261 1522 1513 1571 sanctum,
1541 1517 1659 1580 quia
1688 1516 1812 1564 dicit

214 1582 353 1645 quod
379 1599 482 1630 non
506 1588 676 1647 potest
694 1582 972 1646 vituperari
990 1588 1042 1629 et
1067 1583 1206 1646 quod
1231 1582 1356 1630 nihil
1382 1583 1503 1630 mali
1522 1583 1659 1639 fecit,
1680 1584 1812 1631 sicut

214 1649 297 1696 ille
321 1649 612 1713 pharisaeus
641 1650 730 1713 qui
760 1649 891 1697 dixit
924 1650 1062 1713 quod
1091 1649 1338 1697 ieiunaret
1370 1649 1443 1697 bis
1470 1650 1521 1698 in
1551 1650 1811 1698 sabbato.”

215 1717 363 1763 'l'unc
387 1716 494 1781 ipse
518 1716 619 1764 fuit
644 1716 800 1764 iratus
825 1723 879 1764 et
903 1715 1063 1764 dixit:
1102 1724 1130 1743 ‘⁶
1148 1716 1266 1781 Ego
1290 1732 1395 1764 non
1415 1717 1529 1765 dico
1549 1718 1687 1781 quod
1708 1734 1811 1765 non

212 1784 434 1848 peccavi,
483 1784 602 1848 quia
643 1784 738 1832 hoc
787 1790 918 1832 esset
961 1790 1138 1831 contra
1184 1783 1502 1848 psalmistam
1551 1784 1639 1848 qui
1687 1785 1812 1832 dicit

216 1858 226 1875 ‘
246 1850 429 1899 Omnis
454 1851 609 1899 homo
635 1851 892 1908 mendax‚'
919 1858 972 1899 et
996 1850 1208 1916 exponit
1233 1851 1376 1916 glosa
1407 1851 1487 1899 ‘id
1524 1858 1602 1900 est
1633 1868 1810 1917 pecca-

211 1918 323 1965 tor.’
396 1918 496 1966 Sed
523 1918 626 1966 dixi
653 1918 792 1982 quod
817 1934 920 1966 non
946 1918 1143 1966 debetis
1162 1935 1251 1966 seu
1276 1919 1490 1983 potestis
1511 1935 1594 1966 me
1613 1919 1812 1984 vitupe-

212 2002 321 2033 rare
346 1992 603 2049 quantum
629 1986 691 2033 ad
716 1986 1100 2049 generationem
1125 1985 1188 2034 de
1212 1992 1356 2050 patre
1381 1992 1434 2034 et
1458 1992 1634 2034 matre.
1711 1987 1810 2034 Sed

216 2052 465 2100 Ortvinus
507 2059 584 2101 est
625 2053 825 2117 spurius
867 2059 919 2101 et
960 2069 1064 2100 non
1105 2059 1182 2100 est
1220 2053 1510 2117 legitimus:
1572 2070 1693 2118 ergo
1735 2062 1811 2102 est

212 2119 578 2185 vituperabilis,
605 2126 656 2167 et
681 2136 776 2183 ego
802 2120 918 2167 volo
943 2137 1062 2168 eum
1095 2120 1382 2184 vituperare
1416 2120 1467 2168 in
1500 2122 1812 2170 aeternum.'’

215 2186 364 2235 Tunc
397 2203 494 2252 ego
529 2187 664 2235 dixi:
703 2195 852 2234 “non
887 2187 1101 2243 faciatis,
1128 2188 1248 2251 quia
1283 2187 1521 2236 dominus
1561 2189 1811 2237 Ortvinus

214 2260 291 2302 est
333 2254 586 2302 excellens
628 2255 703 2302 vir
744 2261 796 2302 et
838 2261 1011 2319 potest
1053 2271 1103 2302 se
1146 2255 1463 2303 defendere.''
1534 2255 1652 2320 Ipse
1693 2273 1812 2303 vero

215 2321 346 2369 dixit
371 2321 539 2370 adhuc
564 2321 711 2386 plura
736 2321 970 2369 scandala
995 2322 1058 2370 de
1083 2329 1247 2370 matre
1272 2329 1454 2379 vestra,
1482 2323 1621 2386 quod
1655 2340 1811 2371 sacer-

214 2389 360 2436 dotes
384 2396 437 2437 et
461 2389 699 2437 monachi
724 2395 777 2436 et
801 2396 1060 2452 equestres
1085 2396 1137 2437 et
1166 2388 1342 2437 rustici
1374 2389 1425 2437 in
1460 2406 1641 2454 campo
1675 2396 1727 2438 et
1760 2390 1810 2437 in

212 2456 433 2513 stabulo,
459 2463 511 2505 et
541 2456 660 2503 alibi
697 2463 1076 2520 supposuerunt
1111 2473 1238 2503 eam.
1312 2456 1386 2504 Et
1421 2473 1517 2521 ego
1551 2457 1705 2504 habui
1742 2457 1812 2504 ita

215 2540 457 2587 magnam
504 2523 865 2571 verecundiam
913 2524 1052 2587 quod
1098 2540 1202 2571 non
1251 2523 1467 2571 creditis.
1559 2524 1659 2571 Sed
1707 2540 1810 2570 non

214 2607 422 2654 possum
448 2607 537 2638 vos
562 2591 850 2645 defendere,
877 2591 996 2654 quia
1019 2607 1122 2638 non
1149 2591 1251 2638 vidi
1275 2597 1475 2655 patrem
1500 2597 1729 2638 vestrum
1759 2597 1812 2638 et

216 2664 463 2705 matrem:
501 2657 734 2722 quamvis
760 2658 910 2705 credo
942 2658 1156 2706 firmiter
1190 2658 1328 2721 quod
1365 2663 1485 2705 sunt
1523 2657 1722 2705 honesti
1759 2664 1811 2705 et

215 2724 373 2788 probi.
448 2725 549 2773 Sed
574 2725 801 2773 scribatis
828 2725 952 2772 mihi
977 2725 1237 2789 quomodo
1264 2731 1368 2772 est:
1405 2732 1529 2771 tunc
1562 2740 1658 2787 ego
1695 2724 1811 2772 volo

216 2791 463 2840 seminare
496 2799 719 2840 vestram
751 2792 957 2840 laudem
990 2792 1084 2840 hic.
1159 2791 1337 2838 Etiam
1373 2791 1478 2838 dixi
1515 2791 1636 2838 sibi:
1677 2799 1812 2840 “vos

217 2874 320 2905 non
366 2859 562 2907 debetis
607 2859 730 2907 talia
777 2859 958 2915 dicere,
1000 2858 1119 2922 quia
1165 2874 1415 2922 ponamus
1458 2874 1630 2905 casum
1673 2859 1812 2922 quod

218 2925 459 2988 magister
484 2926 732 2974 Ortvinus
758 2926 823 2973 sit
849 2926 1063 2990 spurius,
1089 2932 1265 2973 tamen
1290 2925 1516 2972 fortassis
1541 2931 1617 2972 est
1642 2925 1809 2990 legiti-

220 2998 420 3047 matus;
457 2999 511 3040 et
539 2993 578 3041 si
608 2993 940 3057 legitimatus,
966 2999 1091 3040 tunc
1118 3009 1221 3039 non
1246 2997 1322 3039 est
1348 2991 1566 3056 amplius
1593 2993 1809 3057 spuriuS‚

269 3090 293 3112 ¹⁹
319 3094 391 3135 85:
416 3093 448 3127 A
465 3093 538 3127 and
557 3094 600 3133 B,
622 3094 648 3111 “
661 3094 755 3128 sed’'
775 3093 814 3128 C.
1097 3091 1122 3110 ²⁷
1149 3094 1391 3126 sansmannus.
1443 3093 1509 3127 See
1528 3093 1549 3126 i.
1571 3093 1604 3135 1,
1624 3105 1658 3128 Ἠ.

707 3139 990 3183 ³⁴·plza7isaeu3:
1009 3139 1114 3174 Luke
1132 3139 1231 3172 xviii.
1257 3138 1310 3172 12.

982 3200 1043 3242 45

1845 394 1881 421 15

1845 727 1882 756 20

1845 1062 1883 1091 25

1845 1396 1883 1425 :30

1845 1729 1884 1759 35

1845 2073 1883 2101 40

1844 2405 1882 2434 45

1845 2741 1882 2770 50
