2143 3622
188 261 218 298 1.
242 259 285 311 3]
384 246 976 304 BERNHARDUS
1030 245 1593 303 PLUMILEGUS

185 359 318 406 sieut
355 373 460 412 VOS,
498 373 697 421 semper
733 357 918 405 volunt
952 355 1318 421 reprehendere
1354 355 1492 411 alios,
1531 362 1583 403 et
1618 356 1781 420 parvi-

185 425 421 490 pendunt
445 424 751 488 TheologOS.

288 491 361 539 Et
387 491 543 539 semel
564 491 615 538 in
636 507 738 538 una
761 491 944 538 zeecha
962 490 1013 537 in
1033 490 1189 537 domo
1209 506 1313 544 sua,
1335 490 1542 553 quando
1561 489 1784 538 bibimus

187 559 477 607 cerevisiam
522 559 857 622 Turgensem,
901 564 953 605 et
994 558 1217 605 sedimus
1258 573 1420 621 usque
1467 558 1531 604 ad
1576 558 1784 605 tertiam

185 627 378 674 horam.
453 625 526 672 Et
557 642 651 688 ego
679 625 755 672 fui
785 624 1046 672 modicum
1076 624 1258 680 ebrius,
1284 623 1403 688 quia
1433 624 1518 671 illa
1546 624 1786 672 cerevisia

186 692 414 741 aseendit
439 692 565 739 mihi
590 693 642 740 in
669 699 839 757 caput,
865 698 991 739 tunc
1020 691 1120 739 fuit
1149 691 1219 738 ibi
1249 707 1380 738 unus
1413 691 1502 754 qui
1531 691 1651 739 alias
1681 708 1784 739 non

186 761 332 807 stetit
361 760 490 807 bene
520 776 741 815 mecum,
768 765 820 807 et
852 775 948 822 ego
981 757 1247 823 apportavi
1280 758 1324 806 ei
1358 775 1523 806 unum
1553 758 1783 806 medium

185 833 469 882 cantarum,
494 832 546 873 et
576 826 681 891 ipse
711 826 920 891 aceepit.
996 826 1096 874 Sed
1125 832 1303 891 postea
1330 842 1435 873 non
1466 825 1631 873 voluit
1660 826 1784 873 mihi

185 894 347 941 simile
371 893 550 941 faeere.
1763 942 1765 945 Α

286 961 361 1008 Et
385 968 462 1009 ter
489 960 705 1008 cavisavi
735 977 870 1016 eum,
898 965 950 1007 et
980 976 1084 1008 non
1115 960 1280 1007 voluit
1309 959 1434 1007 mihi
1464 960 1783 1024 respondere,

185 1034 237 1076 et
263 1029 393 1076 sedit
419 1044 538 1075 cum
568 1028 769 1076 silentio
799 1034 852 1075 et
888 1027 1014 1074 nihil
1049 1027 1210 1075 dixit:
1245 1033 1372 1074 tunc
1408 1044 1504 1091 ego
1534 1027 1785 1091 cogitavi:

186 1104 213 1122 “
233 1095 370 1143 Ecce
406 1095 501 1143 iste
538 1095 657 1143 alias
694 1095 886 1160 spernit
916 1101 985 1151 te,
1013 1101 1065 1143 et
1099 1101 1176 1142 est
1209 1094 1471 1158 superbus,
1503 1101 1556 1142 et
1586 1111 1786 1159 semper

184 1163 297 1210 vult
322 1170 375 1211 te
399 1163 755 1210 confundere.’'

287 1230 360 1278 Et
384 1230 458 1277 fui
488 1237 780 1278 commotus
809 1229 861 1277 in
894 1229 966 1276 ira
995 1245 1125 1284 mea,
1151 1235 1203 1275 et
1234 1229 1403 1293 accepi
1435 1235 1701 1276 cantarum
1733 1236 1786 1278 et

185 1298 407 1361 percussi
433 1297 478 1344 ei
508 1297 571 1344 ad
604 1304 772 1361 caput.
845 1297 995 1344 Tune
1024 1296 1108 1343 ille
1139 1302 1292 1360 poeta
1320 1296 1419 1343 fuit
1448 1296 1605 1344 iratus
1636 1313 1785 1361 super

185 1381 282 1419 me,
318 1371 371 1412 et
407 1365 538 1412 dixit
573 1365 713 1428 quod
749 1363 981 1412 fecissem
1018 1379 1277 1411 rumorem
1313 1363 1366 1410 in
1401 1363 1556 1411 domo
1593 1380 1698 1420 sua,
1732 1371 1784 1412 et

184 1432 317 1479 dixit
363 1432 503 1495 quod
551 1431 790 1479 deberem
839 1431 977 1478 exire
1025 1431 1088 1478 de
1135 1430 1290 1478 domo
1339 1447 1429 1478 sua
1476 1431 1527 1478 in
1575 1431 1784 1480 nomine

185 1498 386 1546 diaboli.

286 1566 434 1613 Tunc
465 1582 560 1630 ego
589 1564 855 1629 respondi:
895 1572 921 1591 ‘⁶
945 1564 1088 1620 Quid
1120 1570 1246 1611 tunc
1277 1570 1370 1619 est,
1396 1564 1435 1611 si
1465 1564 1585 1612 estis
1614 1564 1784 1613 inimi-

186 1650 274 1681 cus
310 1650 469 1681 meus.
542 1632 659 1696 Ego
697 1633 825 1680 bene
866 1631 1019 1679 habui
1060 1631 1134 1678 ita
1175 1631 1336 1679 malos
1377 1631 1609 1679 inimicos
1651 1631 1784 1680 sieut

185 1717 274 1748 vos
315 1700 450 1756 estis,
494 1706 548 1748 et
587 1706 763 1748 tamen
806 1699 968 1747 mansi
1010 1715 1129 1762 prae
1176 1699 1259 1747 eis,
1341 1698 1484 1755 Quid
1531 1705 1658 1746 tunc
1706 1706 1783 1748 est

184 1768 341 1816 etiam
389 1768 428 1814 si
476 1767 595 1815 estis
642 1773 809 1832 poeta.
890 1767 1008 1831 Ego
1055 1766 1218 1814 habeo
1266 1766 1423 1813 etiam
1470 1772 1646 1830 poetas
1695 1767 1783 1831 qui

184 1841 305 1884 sunt
346 1835 495 1883 amici
538 1835 639 1882 mei
681 1841 732 1882 et
769 1841 889 1882 sunt
931 1835 1059 1881 bene
1100 1833 1172 1880 ita
1209 1833 1328 1881 boni
1365 1832 1496 1881 sicut
1532 1850 1652 1890 vos;
1688 1851 1784 1899 ego

185 1903 314 1951 bene
350 1902 635 1950 merdarem
673 1902 723 1949 in
761 1908 985 1949 vestram
1021 1900 1286 1965 poetriam.
1362 1901 1504 1957 Quid
1545 1901 1784 1950 creditis?

185 1970 390 2018 Putatis
434 1970 572 2034 quod
616 1986 712 2034 ego
759 1986 874 2017 sum
922 1968 1127 2024 stultus,
1171 1968 1251 2016 vel
1293 1968 1432 2032 quod
1475 1984 1591 2016 sum
1632 1976 1784 2017 natus

185 2054 336 2101 super
360 2038 591 2084 arborem
618 2037 749 2085 sieut
776 2053 929 2101 poma
947 2038 964 2084 ἓ
981 2036 1004 2052 ”

286 2104 435 2152 Tune
460 2104 663 2152 vocavit
687 2121 770 2152 me
789 2103 1004 2159 asinum,
1025 2109 1077 2150 et
1095 2102 1226 2150 dixit
1245 2103 1384 2166 quod
1404 2118 1499 2167 ego
1517 2120 1784 2167 nunquam

185 2171 288 2219 vidi
317 2189 480 2219 unum
509 2178 731 2236 poetam.
805 2171 879 2219 Et
907 2187 1002 2235 ego
1027 2169 1162 2218 dixi:
1202 2175 1306 2217 “tu
1331 2176 1440 2217 met
1464 2186 1515 2217 es
1541 2171 1709 2218 asinus
1733 2170 1786 2218 in

184 2246 303 2287 cute
320 2245 411 2286 tua
431 2258 440 2296 ;
477 2256 573 2303 ego
593 2238 696 2286 vidi
715 2239 844 2286 bene
858 2237 1028 2302 plures
1050 2243 1228 2302 poetas
1251 2254 1409 2300 quam
1433 2244 1493 2285 tu
1512 2255 1522 2293 ;
1538 2238 1563 2254 ”
1603 2244 1655 2286 et
1680 2237 1785 2285 dixi

184 2307 248 2354 de
273 2306 416 2354 vobis
446 2313 498 2354 et
528 2307 592 2354 de
621 2307 866 2370 magistro
895 2311 1070 2353 nostro
1102 2304 1286 2369 Sotphi
1319 2304 1371 2351 in
1402 2304 1553 2353 bursa
1584 2306 1781 2359 Rueck,

162 2495 163 2498 =
232 2474 259 2492 ¹⁵
284 2476 432 2509 zeceha:
476 2475 536 2508 “a
577 2474 887 2518 drinking-bout
900 2473 947 2515 ”3
1102 2472 1365 2517 Blasfemynge
1393 2473 1465 2506 and
1496 2473 1600 2507 othes
1628 2473 1692 2507 the
1720 2478 1785 2519 pot

186 2522 212 2539 “
225 2521 382 2556 Nullum
438 2522 643 2556 membrum
699 2522 951 2555 universitatis
1151 2519 1264 2553 about
1282 2519 1346 2554 the
1365 2519 1484 2564 pate.’'

161 2570 223 2602 *in
264 2568 346 2603 loco
387 2574 556 2614 suspecto
596 2569 724 2603 zechas
765 2568 949 2608 te11eat;''
1200 2566 1600 2612 —Ba1·elay,The›S'hip
1617 2568 1782 2610 ofFools,

184 2618 270 2650 Stat.
313 2618 414 2650 Unir.
460 2618 709 2659 Tzcbinyensis;
755 2617 840 2649 L'rls.
881 2627 952 2649 zur
1290 2615 1326 2647 ii.
1350 2613 1547 2657 71(1874).

188 2664 306 2697 Gesch.
336 2665 398 2697 der
432 2665 646 2698 Unicersz'te'it
678 2664 865 2706 Tz'lbinyen,
890 2666 949 2706 55,
1068 2658 1094 2678 3⁷
1121 2662 1254 2711 Natus,
1275 2661 1340 2694 &a
1395 2661 1450 2694 Cf.
1473 2662 1507 2693 ii.
1529 2662 1584 2694 19.

184 2711 264 2744 421.
1068 2706 1097 2725 ⁴¹²
1121 2710 1262 2751 Sotphi:
1320 2708 1460 2741 Gerard
1511 2708 1553 2741 of
1600 2707 1783 2753 Zutphen,

1022 2755 1158 2789 Rector
1181 2755 1223 2788 of
1234 2755 1298 2789 the
1318 2754 1529 2799 University
1547 2754 1589 2787 of
1602 2754 1782 2799 Cologne,

1022 2805 1123 2836 1505.
1175 2802 1242 2836 See
1261 2803 1282 2836 i.
1304 2803 1357 2835 19.

285 2841 462 2872 Cffl'iffll'i:
513 2837 804 2883 “Chasseflged”
856 2838 946 2881 him>
1067 2847 1095 2867 4²
1120 2850 1267 2883 Kneelc:
1308 2860 1362 2890 or,
1394 2848 1532 2890 rather,
1567 2848 1783 2893 “Kuijk”;

185 2885 258 2918 and
282 2885 369 2919 thus
399 2886 495 2919 drew
525 2885 581 2919 hlS
610 2890 795 2919 astelltlon
820 2890 859 2919 to
884 2885 950 2939 {he
1019 2896 1209 2930 oneofthe
1221 2894 1639 2940 liostelsatL¹olog11e(i11
1652 2896 1784 2930 formal

185 2931 317 2965 bl'ffiCh
345 2932 387 2966 Of
406 2933 501 2977 g0⁰d
527 2944 709 2966 manners·
765 2931 950 2976 (peel-¹11³?
1019 2943 1248 2984 documents,
1271 2944 1387 2975 Bursa
1407 2944 1420 2971 (
1430 2942 1577 2986 flecma),
1596 2944 1728 2977 named
1746 2945 1784 2977 in

234 2773 260 2792 ¹⁶
289 2776 507 2818 Tzcryensem.
561 2774 628 2808 See
646 2775 667 2808 i.
690 2777 721 2817 1,
739 2785 774 2808 u.

233 2836 262 2856 22

142 3004 145 3005 ⁷
185 2983 223 3012 to
241 2978 305 3012 the
323 2978 364 3012 Ε·
387 2978 432 3013 O·
453 2979 516 3022 ν·)
1019 2990 1164 3023 honour
1189 2989 1231 3022 of
1255 3000 1275 3021 a
1308 2989 1445 3022 former
1475 2994 1609 3033 rector,
1632 2990 1783 3024 Johann

234 3035 259 3053 ²⁶
285 3041 424 3070 cantas
1020 3036 1148 3070 Cuick.
1200 3035 1231 3068 A
1253 3036 1280 3052 “
1296 3035 1443 3069 Bursa”
1466 3048 1535 3069 was
1556 3049 1577 3070 a
1597 3037 1711 3072 house
1729 3039 1784 3071 in-

233 3084 253 3101 “
269 3083 400 3117 Auone
418 3083 631 3129 begynneth
650 3083 863 3129 brawlynge
876 3085 949 3117 and
1020 3083 1169 3116 habited
1188 3083 1235 3127 by
1251 3083 1434 3126 students,
1452 3084 1569 3118 under
1582 3084 1646 3119 the
1660 3097 1784 3130 super-

318 3130 448 3164 (lebate
1020 3131 1137 3163 vision
1156 3130 1196 3163 of
1210 3141 1230 3162 a
1247 3130 1426 3174 graduate
1441 3141 1449 3172 ;
1477 3143 1498 3164 a
1514 3131 1646 3167 hostel.

955 3191 1015 3232 13

1820 505 1857 535 15

1818 840 1856 869 20

1819 1176 1857 1204 25

1820 1514 1857 1544 30

1819 1850 1857 1879 35

1820 2186 1858 2215 40
