2247 3637
465 288 937 344 EPISTOLAE
998 287 1589 344 OBSCURORUM
1642 287 2053 344 VIRORUM

462 397 563 444 lem
600 398 738 460 quod
772 395 1000 443 diabolus
1033 396 1230 444 auferet
1261 397 1406 445 illum
1443 397 1645 443 mulum
1682 413 1799 444 cum
1833 396 2050 444 stabulo.

464 463 640 510 Etiam
683 464 832 511 eredo
879 463 1018 526 quod
1065 469 1197 511 esset
1243 470 1421 511 eontra
1467 470 1663 511 statuta
1709 463 2053 511 universitatis

462 536 693 578 nostrae:
730 530 850 594 quia
876 529 1126 594 Magister
1153 530 1305 578 debet
1343 548 1394 578 se
1429 536 1603 577 tenere
1632 529 1763 577 sieut
1795 530 2050 594 magister.

461 596 534 644 Et
559 604 690 645 esset
719 614 967 661 magnum
993 597 1286 645 scandalum
1312 597 1670 652 unive1·sitatiS‚
1695 598 1833 660 quod
1861 596 2052 660 Magis-

389 685 427 714 25
459 670 538 711 ter
564 664 879 712 Coloniensis
915 664 1123 711 deberet
1158 665 1323 712 faeere
1357 664 1490 711 talia.
1565 663 1706 728 Ergo
1743 664 1859 711 volo
1891 663 2053 711 redire

461 732 512 778 in
548 732 765 795 patriam
801 737 1009 795 propter
1044 730 1288 779 honorem
1325 730 1698 779 universitatis:
1740 732 1895 778 etiam
1932 730 2051 777 alias

461 814 563 844 non
602 798 768 862 placet
810 798 934 845 mihi
978 798 1205 846 Romae:
1256 798 1374 862 quia
1418 799 1657 861 Copistae
1699 805 1751 846 et
1793 796 2052 845 Curtisani

461 871 581 912 sunt
623 865 695 913 ita
737 865 939 929 superbi
980 865 1121 928 quod
1161 882 1264 912 non
1308 865 1537 913 creditis:
1590 881 1721 912 unus
1768 865 1872 912 heri
1919 864 2050 911 dixit

458 932 582 979 mihi
619 933 757 996 quod
782 931 904 980 velit
935 932 1162 979 merdare
1192 949 1341 996 super
1373 950 1534 979 unum
1569 932 1871 995 magistrum
1898 931 2048 978 Colo-

385 1021 424 1051 30
457 998 699 1046 niensem.
786 999 1051 1063 Respondi
1091 999 1228 1063 quod
1276 1000 1482 1047 deberet
1532 1000 1760 1046 merdare
1809 1000 1872 1045 ad
1919 998 2048 1063 pati-

457 1065 651 1114 bulum.
741 1067 890 1113 Tune
939 1066 1068 1113 dixit
1115 1067 1253 1130 quod
1302 1067 1407 1130 ipse
1454 1066 1609 1113 etiam
1658 1073 1735 1113 est
1783 1065 2048 1130 Magister,

457 1132 646 1180 scilieet
678 1133 877 1189 Curiae,
908 1139 961 1180 et
994 1150 1126 1181 unus
1166 1134 1415 1197 Magister
1446 1133 1630 1180 Curiae
1658 1134 1834 1197 pualet
1863 1133 2047 1196 magis-

454 1205 595 1246 trum
639 1200 828 1247 artium
871 1200 934 1247 de
981 1200 1232 1248 Almania.
1323 1201 1586 1264 Respondi
1633 1200 1773 1263 quod
1821 1217 1922 1247 non
1972 1205 2048 1247 est

453 1266 701 1330 possibile.
775 1267 848 1314 Et
884 1267 989 1314 dixi
1027 1274 1130 1314 “tu
1157 1267 1309 1315 velles
1346 1284 1452 1315 esse
1484 1267 1555 1314 ita
1580 1268 1742 1315 bonus
1772 1267 1903 1315 sieut
1935 1283 2047 1330 ego,

382 1355 420 1385 35
455 1350 574 1381 eum
620 1339 797 1380 tamen
845 1351 947 1381 non
996 1333 1206 1382 stetistis
1254 1335 1304 1381 in
1352 1334 1585 1381 examine
1632 1335 1763 1382 sieut
1811 1351 1921 1398 ego,
1960 1333 2048 1380 ubi

452 1400 680 1464 quinque
722 1401 950 1464 magistri
992 1401 1212 1464 rigorose
1251 1401 1673 1449 examinaverunt
1712 1418 1810 1456 me,
1838 1407 1890 1448 et
1926 1417 2047 1464 ergo

452 1483 504 1514 es
541 1467 782 1531 magister
807 1468 1075 1516 bullatus.⁷’
1145 1469 1189 1515 T
1196 1485 1293 1515 une
1329 1468 1518 1532 incepit
1555 1469 1813 1533 disputare
1842 1484 2047 1515 meeum

452 1534 623 1582 dicens
651 1542 680 1561 ‘⁶
697 1534 840 1590 Quid
866 1541 943 1582 est
967 1535 1210 1599 magister
1227 1537 1243 1582 ἓ
1260 1536 1283 1552 ”
1354 1535 1646 1610 Respondi:
1686 1544 1713 1562 ‘⁵
1734 1542 1811 1583 est
1834 1551 2048 1600 persona

451 1601 756 1664 qualis-icam,
806 1608 1041 1666 piomota
1088 1608 1140 1649 et
1196 1602 1445 1676 giaduata
1497 1603 1547 1649 in
1608 1609 1805 1666 septem
1854 1602 2046 1649 artibus

380 1690 418 1718 40
450 1667 740 1715 liberalibus
773 1669 1107 1733 praecedente
1142 1669 1376 1716 examine
1410 1668 2047 1734 magistiali‚p1ivilegiata

451 1735 590 1798 quod
628 1742 800 1799 potest
835 1743 1037 1800 portare
1075 1736 1323 1783 annulum
1361 1753 1573 1784 auieum
1610 1744 1661 1784 et
1699 1736 1914 1784 sericum
1951 1737 2046 1784 sub

452 1818 627 1866 eappa,
655 1802 845 1850 habens
876 1819 927 1851 se
957 1804 1019 1850 ad
1051 1819 1167 1851 suos
1201 1803 1472 1867 discipulos
1507 1803 1637 1851 sieut
1672 1820 1758 1850 rex
1792 1804 1856 1850 ad
1893 1820 2044 1851 suum

451 1869 715 1932 populum.
801 1869 873 1916 Et
918 1869 1167 1933 Magister
1209 1870 1395 1918 dicitur
1435 1877 1656 1933 quatuor
1696 1870 1889 1918 modis:
1941 1887 2045 1918 uno

452 1936 607 1983 modo
645 1953 674 1983 a
715 1937 876 1999 magis
920 1943 970 1984 et
1008 1943 1100 1992 ter,
1137 1937 1258 2000 quia
1296 1937 1538 2001 magister
1574 1944 1653 1985 ter
1691 1938 1852 2001 magis
1892 1937 2046 1985 debet

380 2020 417 2049 45
452 2002 576 2050 seire
612 2019 768 2066 quam
805 2003 1020 2067 simplex
1047 2021 1271 2067 persona.
1347 2005 1583 2052 Secundo
1609 2004 1794 2052 dieitur
1827 2022 1855 2051 a
1883 2003 2046 2068 magis

451 2075 503 2117 et
540 2075 721 2124 terreo,
760 2070 881 2133 quia
923 2071 1173 2134 Magister
1210 2071 1365 2119 debet
1403 2088 1508 2119 esse
1547 2071 1785 2119 terribilis
1832 2071 1883 2118 in
1927 2088 2044 2118 con-

451 2143 628 2199 speetu
655 2153 862 2184 suorum
889 2137 1266 2201 discipulorum.
1341 2138 1516 2185 Tertio
1535 2155 1564 2185 a
1582 2138 1743 2202 magis
1769 2145 1821 2185 et
1845 2139 2043 2194 theron,

450 2202 501 2250 id
544 2210 621 2250 est
662 2209 841 2260 status,
885 2205 1004 2267 quia
1046 2204 1287 2268 magister
1328 2204 1379 2252 in
1422 2222 1514 2252 suo
1556 2212 1694 2252 statu
1743 2206 1895 2253 debet
1938 2221 2045 2253 esse

451 2270 612 2316 maior
647 2287 803 2333 quam
840 2271 915 2318 sui
952 2271 1200 2335 discipuli.
1275 2273 1478 2328 Quarto
1503 2290 1531 2319 a
1567 2273 1729 2336 magis
1765 2278 1818 2320 et
1855 2273 2043 2329 sedere,

378 2360 417 2390 50
451 2337 571 2400 quia
595 2337 836 2401 magister
859 2337 1012 2385 debet
1038 2355 1143 2387 esse
1168 2338 1328 2386 maior
1352 2339 1403 2386 in
1429 2356 1518 2386 sua
1543 2339 1659 2386 sede
1683 2356 1840 2403 quam
1865 2339 2045 2402 aliquis

452 2420 660 2451 suorum
687 2404 1064 2468 discipulorum.
1138 2406 1286 2452 Tune
1312 2405 1395 2453 ille
1421 2406 1752 2470 interrogavit
1784 2407 1942 2469 “quis
1967 2412 2045 2454 est

449 2477 598 2518 autor
619 2474 635 2519 ἓ
656 2472 678 2487 ”
750 2472 1014 2535 Respondi
1044 2473 1181 2535 quod
1207 2472 1305 2536 legi
1331 2473 1382 2519 in
1409 2474 1535 2521 vade
1561 2490 1779 2521 meeum.
1854 2473 2043 2520 Statim

450 2537 556 2602 ipse
581 2537 744 2585 voluit
769 2539 1134 2602 reprehendere
1160 2540 1304 2586 illum
1331 2540 1517 2587 librum
1544 2546 1594 2587 et
1622 2540 1752 2587 dixit
1777 2540 1914 2602 quod
1941 2557 2042 2588 non

451 2610 528 2652 est
564 2604 866 2653 autenticus.
963 2606 1227 2669 Respondi
1266 2607 1391 2653 “Tu
1420 2606 1492 2653 vis
1530 2607 1894 2670 reprehendere
1930 2606 2043 2653 illos

378 2690 417 2720 55
450 2671 703 2735 antiquos,
729 2679 782 2719 et
806 2679 982 2720 tamen
1006 2678 1065 2719 tu
1093 2690 1193 2720 non
1224 2673 1316 2720 seis
1346 2673 1540 2720 meliuS.
1632 2674 1748 2737 Ego
1785 2673 2042 2720 neminem

451 2738 554 2785 vidi
592 2739 837 2787 Coloniae
872 2739 1235 2803 reprehendere
1264 2740 1421 2787 talem
1459 2740 1658 2787 librum.
1733 2740 1853 2787 Non
1890 2740 2044 2788 habes

497 2874 525 2893 ³²
542 2878 633 2920 Mag).
664 2879 768 2911 (‘zc›·..·
803 2889 872 2911 one
902 2878 982 2910 who
1016 2877 1086 2910 had
1122 2878 1210 2911 been
1283 2878 1392 2912 Sacro
1423 2878 1570 2912 l‘alazzo
1590 2878 1861 2923 Apostolifflst').
1913 2880 1979 2913 See
1997 2878 2040 2912 A.

448 2924 603 2968 granted
634 2924 698 2958 the
729 2925 862 2969 degree
892 2925 934 2958 of
958 2924 1136 2969 Magister
1168 2925 1211 2969 by
1283 2925 1437 2968 Vacant,
1465 2928 1551 2959 hiet.
1578 2929 1618 2960 (le
1645 2926 1754 2960 Tlusol.
1776 2928 1884 2963 s'ath„
1903 2925 1971 2960 vol.
1993 2926 2041 2959 iii.

449 2970 512 3003 the
542 2971 664 3013 Curia,
693 2971 847 3005 without
874 2972 1210 3011 exami11ation,0n
1282 2984 1310 3006 c.
1334 2973 1422 3005 1054
1441 2972 1574 3017 (1908).

451 3022 624 3061 payment
642 3018 684 3051 of
703 3030 722 3050 ‘1
749 3019 815 3052 fee.
866 3018 945 3052 she
971 3018 1148 3064 privilege
1174 3019 1216 3051 of
1327 3018 1353 3036 ⁴¹⁷
1372 3020 1459 3052 ther
1449 3032 1516 3053 0:21
1568 3020 1748 3074 ‘llayisfer
1774 3046 1781 3054 .
1809 3046 1815 3053 .
1845 3046 1851 3053 .
1877 3032 1897 3052 a
1927 3019 2043 3064 major

449 3065 627 3108 granting
660 3064 723 3098 the
757 3065 890 3110 ‹leglee
924 3066 966 3098 of
1007 3065 1144 3099 Ductor
1173 3066 1216 3098 of
1278 3070 1315 3099 et
1333 3067 1471 3100 sterion
1499 3093 1506 3100 .
1534 3093 1541 3100 .
1568 3079 1692 3111 .squa
1695 3068 1705 3100 i
1723 3067 1839 3132 major
1851 3066 2044 3101 stationef'

448 3109 639 3155 sheology
665 3123 735 3144 was
761 3112 885 3146 vested
913 3113 949 3145 i11
975 3112 1039 3145 the
1071 3112 1210 3145 Master
1282 3117 1424 3146 Gemma
1476 3117 1504 3145 (
1507 3113 2040 3147 wnmarwn.‘··Te1i011.i.

450 3157 492 3189 of
511 3157 575 3190 the
602 3159 735 3191 Sat-red
761 3158 945 3202 Palace(“
961 3159 1012 3192 Na!
1015 3164 1123 3193 iestro
1150 3159 1207 3192 dal
1278 3160 1423 3202 statio?
1450 3160 1707 3204 'lm-reminas,
1738 3162 1992 3194 Elwidariwn.

1211 3220 1304 3261 182
