2247 3637
377 493 415 522 25

379 825 417 854 30

381 1198 419 1226 35

382 1465 420 1494 40

385 1849 422 1878 45

384 2183 422 2212 50

450 229 919 285 EPISTOLAE
985 228 1575 285 OBSCURORUM
1631 227 2039 284 VIRORUM

448 338 612 386 voluit
650 355 769 386 eum
812 338 1117 386 incarcerare
1159 336 1278 399 quia
1319 336 1418 383 fuit
1460 352 1707 400 magnum
1744 336 2041 384 scandalum

449 405 586 469 quod
629 405 843 469 simplex
887 406 1050 452 socius
1092 403 1301 450 deberet
1341 402 1544 450 tibisare
1586 419 1749 450 unum
1790 409 2040 450 rectorem

449 472 790 519 universitatis
817 473 904 537 qui
941 479 1017 519 est
1052 469 1293 533 magister
1328 477 1532 526 noster3
1570 476 1623 517 et
1659 486 1776 517 cum
1814 469 1908 517 hoc
1945 486 2042 533 ego

449 539 600 586 audio
643 540 780 603 quod
824 539 905 586 ille
949 537 1111 585 socius
1154 553 1322 600 neque
1363 543 1441 584 est
1483 536 1826 584 baccalaurius
1874 553 2042 600 neque

449 607 705 671 magister,
726 623 818 654 nec
839 612 914 653 est
934 605 1103 668 aliquo
1124 604 1277 651 modo
1297 604 1617 667 qualificatus
1638 621 1725 651 seu
1744 603 2042 667 graduatus,

449 680 502 721 et
548 674 751 721 incessit
798 674 929 721 sicut
978 671 1205 726 bellator,
1250 671 1329 718 vel
1376 671 1464 734 qui
1512 671 1624 719 vult
1671 671 1932 718 ambulare
1979 670 2043 716 ad

450 741 659 797 bellum,
684 747 736 787 et
761 740 940 787 habuit
965 739 1156 802 pileum
1186 744 1238 786 et
1276 738 1488 801 longum
1526 738 1748 785 cultrum
1786 738 1837 785 in
1871 738 2040 785 latere.

453 808 553 856 Sed
579 825 665 872 per
690 808 844 855 deum
872 807 975 870 ipse
1003 805 1182 852 fuisset
1215 805 1553 852 incarceratus
1583 805 1623 853 si
1654 821 1756 851 non
1787 805 2044 852 habuisset

450 882 598 922 notos
623 875 674 921 in
701 873 919 922 civitate.
982 872 1098 936 Ego
1123 872 1271 919 doleo
1297 872 1518 920 maxime
1543 873 1582 919 si
1607 879 1684 919 est
1704 889 1881 919 verum
1906 872 2045 935 quod

450 943 534 989 ille
559 942 634 989 vir
658 948 734 989 est
754 941 1042 993 defunctus,
1063 941 1183 1002 quia
1208 939 1330 987 fecit
1354 939 1474 986 mihi
1502 939 1668 987 multa
1688 940 1821 986 bona
1839 940 2045 1002 quando

451 1009 525 1057 fui
553 1009 809 1061 Viennae:
848 1014 900 1055 et
925 1013 1191 1071 propterea
1216 1006 1311 1054 feci
1337 1006 1381 1053 ei
1407 1006 1724 1070 epitaphium
1749 1006 1851 1053 tale
1871 1024 1948 1053 2-—

615 1128 695 1174 Qui
717 1131 821 1164 iacet
842 1131 882 1164 in
904 1128 1082 1171 tumulis,
1138 1127 1216 1163 fuit
1236 1130 1420 1164 inimicus
1441 1130 1584 1176 poetis,

615 1183 668 1219 Et
689 1183 815 1218 voluit
837 1196 903 1218 eos
924 1182 1142 1232 expellere,
1198 1181 1359 1231 quando
1379 1182 1592 1218 voluerunt
1612 1180 1677 1217 hic
1698 1183 1929 1230 practicare,

614 1236 727 1273 Sicut
747 1249 876 1285 nuper
896 1249 998 1272 unus
1019 1238 1158 1280 socius,
1216 1238 1282 1284 qui
1304 1249 1384 1271 non
1406 1234 1483 1272 fuit
1504 1235 1745 1280 intitulatus,

615 1291 792 1327 Veniens
813 1303 861 1327 ex
884 1290 1075 1333 Moravia,
1133 1295 1173 1326 et
1195 1289 1343 1325 docens
1366 1288 1495 1326 facere
1518 1294 1668 1326 metra:

615 1344 747 1390 Quem
769 1344 894 1380 voluit
916 1347 1175 1388 incarcerare,
1233 1349 1399 1393 propter
1419 1357 1532 1379 suum
1554 1343 1741 1379 tibisare:

614 1398 695 1434 Sed
716 1401 807 1447 quia
828 1412 934 1434 nunc
956 1404 1016 1434 est
1037 1403 1230 1441 mortuus,
1288 1399 1327 1433 in
1352 1398 1506 1433 Vienna
1526 1397 1720 1446 sepultus,

618 1452 770 1488 Dicatis
790 1453 850 1488 bis
870 1451 931 1488 vel
954 1457 1028 1496 ter,
1086 1465 1156 1500 pro
1177 1465 1223 1488 eo
1247 1451 1365 1488 Pater
1385 1457 1531 1487 noster.

455 1559 581 1607 Fuit
612 1559 692 1606 hic
723 1560 939 1607 nuncius
969 1559 1055 1622 qui
1094 1559 1316 1622 portavit
1349 1575 1482 1606 nova
1516 1575 1646 1621 quae
1683 1564 1805 1605 sunt
1840 1556 1974 1604 mala
2009 1556 2049 1603 si

455 1633 575 1674 sunt
613 1644 745 1682 vera,
785 1627 922 1689 quod
963 1643 1112 1673 causa
1151 1631 1317 1673 vestra
1357 1643 1461 1673 non
1504 1626 1631 1673 bene
1674 1631 1776 1673 stat
1820 1625 1869 1671 in
1913 1623 2051 1671 curia

454 1710 693 1750 romana3
748 1694 835 1741 scd
878 1710 972 1757 ego
1016 1710 1117 1740 non
1162 1693 1327 1747 credo,
1371 1693 1490 1756 quia
1531 1692 1614 1740 isti
1656 1691 1828 1740 nuncii
1870 1692 2051 1739 dicunt

455 1762 611 1809 etiam
647 1761 813 1808 multa
848 1761 1126 1808 mendacia.
1199 1762 1392 1808 Poetae
1436 1761 1563 1808 bene
1603 1765 1926 1807 murmurant
1967 1758 2050 1806 hic

456 1835 633 1876 contra
666 1844 766 1884 vos,
793 1834 845 1875 et
874 1828 1052 1875 dicunt
1088 1828 1226 1890 quod
1263 1827 1445 1874 volunt
1480 1827 1751 1875 defendere
1787 1827 2051 1873 doctorem

455 1895 714 1943 Reuchlin
740 1912 857 1942 cum
885 1895 985 1941 suis
1012 1894 1345 1949 carminibus3
1384 1895 1469 1941 sed
1494 1895 1613 1958 quia
1638 1911 1725 1941 vos
1751 1894 1905 1941 etiam
1931 1893 2052 1940 estis

457 1969 608 2026 poeta
649 1962 855 2025 quando
892 1961 1062 2017 vultis,
1101 1962 1251 2008 credo
1286 1961 1424 2024 quod
1462 1961 1589 2009 bene
1626 1960 1896 2008 manebitis
1932 1976 2052 2024 prae

456 2030 588 2093 ipsis.
661 2030 859 2076 Tamen
885 2028 1081 2076 debetis
1106 2028 1231 2076 mihi
1256 2028 1470 2076 scribere
1489 2029 1750 2092 quomodo
1771 2034 1873 2075 stat
1897 2043 2051 2091 nego-

458 2097 608 2144 cium.
683 2097 735 2144 Si
761 2103 886 2143 tunc
911 2113 1120 2160 possum
1146 2095 1386 2143 adiuvare
1410 2112 1513 2151 vos,
1540 2103 1667 2143 tunc
1693 2094 1944 2142 habebitis
1970 2111 2052 2141 me

457 2164 662 2211 fidelem
689 2164 882 2210 socium
909 2170 960 2210 et
986 2163 1285 2210 adiutorem.

565 2248 707 2285 Valete
728 2261 777 2285 ex
802 2249 1090 2285 NURENBERGA.

506 2356 535 2375 ²⁶
560 2358 811 2390 havealanrinm
829 2356 907 2389 'l'he
922 2355 1221 2389 Humanistsdis-
1337 2356 1366 2374 ³²
1393 2358 1446 2389 ille
1467 2358 1540 2389 vir:
1558 2359 1610 2390 isse.
1635 2355 1868 2390 Heckmann.

459 2404 591 2437 dained
624 2403 843 2437 ncadcinicnl
883 2403 1035 2445 ‹lcgrees
1068 2403 1221 2436 because
1337 2414 1363 2432 3⁴
1392 2417 1456 2457 (μή
1511 2415 1575 2447 ἃς,
1648 2414 1727 2447 'she
1767 2412 1863 2451 style
1904 2413 1945 2446 of
1982 2413 2055 2445 this

459 2452 548 2495 they
576 2451 741 2495 despisecl
775 2451 837 2483 the
870 2450 1109 2483 Ifniversities
1141 2450 1222 2482 that
1459 2441 1470 2457 '
1803 2452 1810 2457 '

460 2497 615 2541 granted
658 2498 769 2531 them.
836 2497 985 2529 Johann
1033 2496 1222 2537 liiudholz,

465 2546 563 2578 Dean
591 2545 632 2577 of
656 2544 720 2577 the
753 2543 902 2588 Faculty
934 2544 974 2576 of
1001 2542 1224 2587 Philosophy

461 2597 499 2625 at
526 2591 926 2631 Frankfort-on—(hier,
946 2590 1116 2623 declar-ed
1145 2590 1226 2622 that

462 2639 507 2671 he
525 2639 716 2672 couferred
736 2638 799 2671 tho
823 2638 956 2678 degree
982 2637 1023 2669 of
1047 2636 1225 2670 Bachelor

462 2698 508 2718 on
539 2686 709 2719 llutten:
740 2685 814 2718 this
844 2685 908 2718 the
939 2684 1050 2717 latter
1079 2684 1223 2717 deuicti.

462 2734 529 2766 See
553 2735 713 2774 Strauss,
737 2733 809 2773 liz-‘lie
827 2733 871 2773 (gf
893 2733 932 2764 l’.
954 2743 1013 2764 mm
1037 2732 1093 2772 ΙΙ.,
1114 2734 1223 2763 tram.
1341 2759 1367 2777 as
1473 2761 1524 2792 ·t··
1580 2771 1609 2781 Η
1690 2758 1722 2792 1¹
1738 2763 1762 2792 ·t
1823 2771 1830 2781 ι

463 2781 502 2822 by
520 2782 651 2822 'quma’
667 2791 698 2824 p.
719 2780 774 2812 28·
1392 2772 1468 2802 prm
1495 2772 1603 2793 aare.
1634 2764 1671 2792 to
1704 2772 1741 2792 et
1767 2771 1829 2792 ur(r
1849 2770 1956 2803 upon.

1343 2823 1367 2841 47

1291 2462 1438 2506 epitaph
1467 2473 1584 2495 seems
1610 2460 1777 2494 imitated
1805 2461 1897 2493 from
1916 2459 1998 2493 that
2017 2460 2054 2492 in

1298 2511 1344 2541 lm
1376 2510 1565 2541 (fenoribus
1599 2510 1818 2540 [Clo-inseram
1847 2506 1918 2549 (ed.
1950 2506 2052 2549 1643,

1295 2568 1326 2600 p.
1346 2555 1690 2597 428),}›egi11115ng:
1719 2559 1739 2570 ‘¹
1758 2554 1827 2586 Hic
1849 2554 1949 2596 jacet
1974 2552 2052 2595 ille,

1294 2604 1353 2646 qui
1375 2603 1444 2635 fuit
1465 2614 1558 2635 unus
1577 2603 1674 2635 inter
1700 2599 1842 2639 mille‚”
1869 2600 1941 2633 and
1967 2600 2056 2634 end-

1295 2652 1384 2691 ing:
1422 2654 1442 2664 '‘
1460 2649 1632 2682 Dicentcs
1666 2647 1858 2681 humiliter
1886 2648 1958 2680 tria
1985 2646 2054 2691 lig-

1293 2708 1361 2730 nea
1383 2696 1489 2729 Pater
1507 2694 1669 2729 noster.’'

509 2825 536 2845 ³¹
563 2831 684 2859 volox:
714 2828 763 2859 Le.
793 2825 991 2867 leianus,
1020 2824 1224 2865 Abhnuser,
1397 2825 1576 2857 manebitis
1617 2835 1723 2865 prae:
1771 2824 1856 2856 Ger.
1904 2824 2056 2857 hes-tehen

463 2873 534 2905 and
553 2874 678 2906 others
696 2873 736 2905 of
752 2872 813 2906 the
834 2873 1138 2906 Contuberniuni.
1295 2883 1368 2913 rur,
1388 2875 1426 2903 to
1444 2869 1557 2912 excel,
1575 2882 1616 2903 or
1633 2882 1834 2904 ovcreonie.
