2247 3637
313 595 351 625 50

310 2138 348 2167 10

311 2470 349 2500 15

310 2804 348 2833 20

388 263 858 320 EPISTOLAE
922 262 1511 320 OBSCURORUM
1565 260 1975 318 VIRORUM

387 374 456 421 sic
480 373 562 437 pie
591 371 903 419 credendum
939 376 1016 418 est
1054 371 1116 418 de
1144 372 1215 419 Io.
1244 371 1395 419 Pfeff.
1424 370 1513 434 qui
1546 376 1871 434 regeneratus
1895 376 1974 417 est

385 457 474 505 per
501 439 720 504 gratiam
756 437 1123 503 spiritussancti
1161 438 1419 486 mediante
1458 437 1741 501 baptismo:
1778 443 1831 485 et
1854 453 1975 500 ergo

385 523 522 555 nunc
546 512 622 554 est
652 506 838 570 probus
875 504 1005 552 sicut
1041 521 1145 552 non
1181 505 1374 552 dubito.
1447 504 1520 551 Et
1553 503 1780 551 manebit
1806 504 1975 551 Chris-

384 573 552 622 tianus
595 589 756 635 usque
797 571 860 618 ad
901 571 1057 618 finem
1104 572 1271 619 seculi.
1359 570 1536 618 Etiam
1572 570 1801 618 intellexi
1836 571 1974 634 quod

385 640 594 703 quidam
632 639 779 687 valde
814 637 1081 686 infamavit
1118 656 1206 686 vos
1243 638 1431 701 ubique
1469 638 1640 686 dicens
1675 638 1814 700 quod
1856 637 1975 685 estis

385 707 515 755 filius
545 706 808 772 presbiteri
852 711 904 753 et
946 721 1050 753 non
1091 706 1212 754 estis
1253 705 1552 770 legittimus,
1650 705 1811 752 Miror
1852 704 1975 752 istos

384 774 604 822 ribaldos
651 772 789 836 quod
836 789 939 819 non
989 772 1180 821 habent
1227 771 1587 820 verecundiam
1635 778 1687 819 et
1736 777 1855 818 sunt
1904 772 1976 818 ita

385 841 614 889 audaces,
692 839 890 887 Tamen
938 838 1133 887 habetis
1180 840 1278 887 lras
1326 838 1711 903 legitimationis
1760 845 1970 887 vestrae.

384 907 526 972 Ergo
556 907 740 955 vellem
773 923 858 954 eos
898 905 1051 953 citare
1081 905 1167 969 qui
1201 907 1379 954 dicunt
1417 905 1550 953 talia.
1625 905 1698 952 Et
1732 923 1854 970 rogo
1885 921 1973 952 vos

383 975 522 1039 quod
548 975 598 1022 in
625 975 792 1021 Causa
819 972 932 1021 fidei
959 972 1126 1021 velitis
1156 973 1340 1021 habere
1372 989 1613 1037 magnam
1639 972 1974 1037 diligentiam,

382 1043 520 1105 quod
559 1041 642 1088 ille
690 1040 972 1088 haereticus
1019 1045 1102 1088 eat
1143 1041 1207 1087 ad
1248 1040 1539 1104 patibulum
1576 1045 1627 1087 et
1664 1040 1733 1088 sic
1775 1041 1822 1087 V
1826 1040 1971 1088 alete.

383 1109 585 1156 Datum
612 1108 685 1154 W
689 1107 950 1155 ormaciae.

1137 1308 1183 1354 L
1193 1309 1237 1355 V

648 1447 711 1495 {I
749 1446 828 1494 M.
873 1445 1340 1493 SYLVESTER
1385 1446 1713 1494 GRICIUS

889 1513 967 1560 M.
1011 1513 1224 1561 Ortvz'no
1263 1513 1452 1561 Gratis)

506 1649 1139 1705 UONIAMQUIDEM
1171 1666 1266 1714 ego
1303 1666 1415 1697 sum
1453 1650 1646 1698 iuratus
1682 1651 1821 1714 quod
1858 1650 1975 1699 volo

538 1717 810 1765 defendere
856 1716 1156 1764 facultatem
1206 1733 1390 1773 meam,
1435 1724 1488 1765 et
1529 1734 1827 1782 promovere
1869 1718 1975 1766 eius

382 1784 660 1832 utilitatem
703 1783 754 1831 in
796 1783 1061 1831 omnibus:
1113 1783 1254 1848 Ergo
1298 1784 1414 1831 volo
1456 1784 1598 1831 vobis
1641 1785 1976 1833 articulariter

382 1851 596 1899 scribere
621 1851 709 1914 qui
737 1857 856 1898 sunt
889 1850 968 1898 hic
998 1850 1086 1914 qui
1120 1851 1296 1898 favent
1327 1851 1577 1915 theologis
1603 1858 1656 1899 et
1684 1852 1772 1915 qui
1797 1853 1974 1899 favent

384 1918 565 1965 Ioanni
616 1918 765 1973 Rea,
813 1924 873 1966 ut
920 1917 1100 1965 dicatis
1148 1917 1422 1981 Theologis
1469 1918 1607 1981 quod
1668 1925 1875 1982 possent
1924 1936 1974 1967 se

382 1985 597 2048 dirigere
633 1984 916 2032 secundum
954 1984 1063 2031 hoc.
1150 1985 1384 2032 Primum
1418 1991 1538 2032 sunt
1575 1986 1784 2048 quidam
1823 1987 1973 2033 Com-

383 2052 630 2100 mensales
649 2052 696 2098 in
718 2051 937 2115 hospitio
958 2053 1189 2099 Coronae
1205 2052 1292 2114 qui
1318 2069 1516 2116 semper
1535 2052 1728 2100 faciunt
1749 2069 1973 2100 summas

382 2118 634 2182 nequitias
656 2117 916 2181 Magistris
936 2117 1117 2166 nostris
1143 2125 1195 2166 et
1214 2118 1454 2166 fratribus
1480 2119 1543 2166 de
1565 2119 1758 2167 Ordine
1777 2120 1975 2184 praedi-

383 2191 630 2242 catorum,
678 2185 921 2233 facientes
968 2186 1106 2249 quod
1160 2202 1312 2233 nemo
1364 2186 1415 2233 in
1474 2185 1571 2233 isto
1619 2186 1839 2250 hospitio
1886 2188 1974 2235 dat

383 2252 753 2317 Elemosynam
778 2252 1224 2317 praedicatoribus
1298 2253 1416 2317 Ego
1436 2253 1539 2300 scio
1560 2254 1767 2301 nomina
1786 2253 1975 2317 aliquo·

382 2336 525 2367 rum:
565 2337 694 2367 unus
720 2326 931 2367 vocatur
962 2320 1211 2384 Magister
1244 2320 1511 2384 Philippus
1546 2320 1825 2369 Keilbach:
1868 2322 1974 2376 Qui

383 2402 581 2451 semper
627 2387 853 2450 loquitur
899 2387 963 2435 de
1011 2386 1266 2434 Reuchlin
1326 2388 1691 2435 commendans
1739 2405 1873 2445 eum,
1922 2395 1976 2436 et

384 2453 540 2502 semel
578 2454 651 2502 M.
691 2460 750 2501 ni·
787 2454 972 2501 Petrus
1009 2455 1191 2517 Meyer
1230 2453 1477 2518 plebanus
1520 2454 1570 2501 in
1608 2455 1651 2501 F
1655 2455 1976 2503 ranckfordia

383 2520 526 2568 dedit
562 2520 605 2568 ei
643 2520 830 2567 bonam
868 2537 1177 2576 scommam;
1217 2537 1347 2568 unus
1389 2521 1627 2569 Ulrichus
1665 2522 1726 2569 de
1766 2522 1973 2569 Hutten

382 2588 470 2651 qui
495 2593 572 2635 est
598 2588 743 2635 valde
770 2587 1007 2642 bestialis,
1033 2587 1120 2651 qui
1154 2587 1309 2634 semel
1334 2587 1479 2643 dixit,
1507 2588 1545 2635 si
1578 2588 1756 2635 fratres
1780 2588 1974 2652 praedi-

384 2661 577 2703 catores
636 2655 863 2702 facerent
915 2654 1007 2702 sibi
1067 2654 1205 2701 illam
1263 2654 1505 2701 Iniuriam
1565 2672 1721 2717 quam
1779 2656 1974 2703 faciunt

385 2721 603 2769 Iohanni
641 2721 911 2777 Reuehlin,
949 2721 1054 2785 ipse
1091 2721 1246 2769 vellet
1287 2721 1391 2768 fieri
1431 2721 1664 2768 inimicus
1704 2738 1880 2770 eorum
1923 2729 1974 2770 et

383 2788 676 2852 ubicunque
711 2787 951 2852 reperiret
985 2805 1146 2834 unum
1189 2787 1495 2835 monachum
1533 2788 1596 2835 de
1632 2789 1726 2836 hoc
1766 2789 1974 2846 Ordine,

382 2861 507 2902 tunc
546 2855 701 2903 vellet
741 2856 786 2903 ei
828 2861 1094 2919 amputare
1134 2871 1314 2902 nasum
1357 2861 1409 2902 et
1444 2872 1601 2903 aures.
1678 2857 1783 2903 Iste
1819 2856 1972 2904 etiam

382 2921 536 2969 habet
573 2923 764 2970 multos
800 2923 988 2969 amicos
1025 2922 1075 2969 in
1103 2921 1256 2969 Curia
1292 2922 1514 2986 episcopi
1539 2923 1626 2985 qui
1657 2923 1811 2970 etiam
1845 2923 1974 2971 bene

431 3039 457 3059 ¹³
486 3043 591 3075 Keilb.
642 3042 723 3074 One
742 3041 783 3073 of
798 3040 981 3074 Murum-’s
1000 3041 1166 3074 treatises·
1185 3051 1254 3073 was
1269 3040 1456 3074 dedicated
1482 3045 1519 3075 to
1539 3040 1657 3074 “that
1682 3040 1829 3075 learned
1854 3039 1974 3083 m:1n,'¹

384 3087 421 3121 1‘.
449 3088 492 3120 li.
514 3089 679 3131 (l'anzer,
698 3088 745 3121 xi.
768 3100 800 3132 1).
819 3088 912 3131 415).

431 3134 456 3152 ¹⁵
483 3135 629 3177 ille-iser:
656 3136 675 3168 i.
695 3137 730 3177 5,
751 3146 784 3168 71.

1141 3194 1236 3236 :248
