2247 3637
326 1588 364 1618 10

327 1920 364 1950 15

326 2259 365 2289 20

402 281 872 338 EPISTOLAE
936 282 1527 341 OBSCURORUM
1581 282 1991 339 VIRORUM

400 409 517 441 meo
540 391 644 440 tale
673 391 864 456 dogma
891 398 944 440 et
971 392 1159 441 tenebo
1187 408 1276 457 per
1304 391 1477 440 omnia
1505 390 1794 439 seculorum
1825 391 1998 439 secula

400 460 591 508 Amen.
663 459 868 507 Datum
893 459 945 507 in
970 459 1315 523 Neumberga.

1122 741 1264 788 LIII

602 890 664 938 (L
701 889 739 935 I
740 888 861 935 OH
857 887 907 934 Α
917 887 1142 934 NNES
1183 887 1342 935 SCH
1338 886 1388 933 L
1401 886 1455 933 U
1449 886 1554 933 iV]
1558 886 1651 933 ’ΖΙ
1652 885 1761 934 CK

922 954 1002 1001 M.
1035 953 1250 1001 Ortvz'no
1279 954 1394 1001 Gra
1401 954 1468 1001 tio

490 1099 900 1150 CRIPSISTIS
938 1098 1064 1146 mihi
1100 1099 1302 1147 noviter
1330 1116 1485 1147 unam
1518 1099 1645 1147 lram
1679 1099 1826 1147 valde
1859 1099 1992 1147 vitu-

521 1168 718 1234 perativ
722 1183 805 1215 am
842 1173 895 1216 et
931 1165 1208 1214 criminatis
1237 1183 1321 1214 me
1349 1167 1488 1230 quod
1520 1183 1624 1214 non
1657 1165 1820 1214 scribo
1849 1167 1993 1215 vobis

398 1236 660 1300 quomodo
708 1241 812 1283 stat
852 1235 904 1282 in
946 1250 1096 1281 causa
1135 1233 1253 1281 fidei
1292 1250 1408 1280 cum
1454 1234 1528 1281 Io.
1574 1233 1845 1281 Reuchlin
1918 1234 1992 1281 Et

399 1302 605 1367 quando
651 1302 752 1366 legi
794 1301 933 1349 illam
979 1300 1221 1356 litteram,
1263 1300 1338 1348 fui
1379 1300 1527 1348 valde
1568 1300 1726 1348 iratus
1766 1306 1818 1349 et
1856 1300 1993 1349 dixi:

400 1370 625 1426 “Quare
673 1369 846 1417 scribit
892 1366 1018 1415 mihi
1065 1367 1201 1423 talia,
1246 1384 1364 1415 cum
1412 1384 1508 1432 ego
1556 1368 1729 1432 scripsi
1776 1368 1821 1416 ei
1867 1368 1993 1416 duas

397 1437 593 1485 litteras
633 1442 686 1484 et
726 1452 829 1483 non
865 1441 942 1483 est
977 1434 1143 1482 adhuc
1179 1435 1379 1483 medius
1413 1437 1611 1483 annus?
1684 1434 1784 1482 Sed
1819 1435 1993 1483 nuncii

398 1520 502 1552 non
543 1508 1000 1568 praesentaverunt
1038 1501 1160 1549 sibi:
1197 1501 1320 1565 quid
1361 1518 1456 1567 ego
1497 1517 1703 1567 possum
1751 1502 1951 1550 facere?
1968 1503 1994 1519 ”

399 1571 474 1619 Et
522 1569 718 1619 debetis
765 1569 890 1618 mihi
937 1568 1151 1616 firmiter
1193 1569 1395 1616 credeie
1441 1569 1580 1632 quod
1627 1568 1802 1634 scripsi
1849 1568 1994 1617 vobis

399 1637 722 1703 singulariter
768 1643 820 1685 et
866 1635 1176 1684 articulatim
1223 1635 1467 1699 quicquid
1515 1635 1651 1684 scivi.
1759 1636 1860 1684 Sed
1916 1643 1994 1685 est

400 1706 530 1754 bene
566 1703 803 1770 possibile
838 1704 978 1779 quod
1015 1701 1187 1750 nuncii
1223 1719 1327 1750 non
1362 1709 1660 1767 presentant
1695 1703 1849 1751 vobis.
1919 1704 1993 1751 Et

399 1773 669 1837 praecipue
728 1771 901 1835 scripsi
959 1769 1103 1818 vobis
1169 1769 1308 1832 quod
1374 1771 1581 1845 quando
1640 1770 1866 1845 equitavi
1929 1787 1991 1819 ex

400 1839 665 1888 Florentia
699 1854 872 1886 versus
908 1838 1149 1892 Romam,
1185 1842 1311 1884 tunc
1343 1837 1396 1884 in
1434 1836 1516 1884 via
1556 1837 1641 1885 inv
1645 1837 1727 1885 eni
1762 1854 1849 1886 rev
1852 1854 1992 1886 eren-

399 1906 524 1954 dum
556 1912 754 1970 patrem
786 1905 844 1952 F.
873 1904 1122 1952 Iacobum
1154 1903 1217 1951 de
1251 1904 1620 1959 Hochstraten‚
1647 1905 1721 1952 Μ.
1757 1910 1992 1952 nostium

400 1979 454 2021 et
488 1973 589 2021 her.
628 1990 701 2037 pr.
736 1972 946 2036 Inquis.‚
973 1970 1266 2018 venientem
1301 1987 1364 2019 ex
1402 1970 1680 2027 Florentia,
1708 1971 1795 2018 ubi
1831 1973 1989 2035 impe-

398 2040 556 2089 travit
580 2039 770 2103 aliquid
790 2038 841 2086 in
861 2054 1011 2086 causa
1028 2044 1196 2086 vestra
1212 2054 1301 2102 per
1317 2053 1490 2102 regem
1511 2037 1769 2086 Franciae.
1842 2039 1991 2086 Tunc

398 2108 630 2156 detracto
655 2106 789 2170 pileo
813 2122 930 2154 meo
955 2104 1060 2152 dixi
1088 2112 1116 2131 “
1134 2105 1291 2152 Pater
1318 2106 1607 2161 reverende,
1633 2105 1754 2153 estis
1778 2106 1859 2153 vel
1887 2121 1991 2153 non

399 2174 598 2223 estis?”
667 2173 817 2220 Tunc
850 2172 1114 2236 respondit
1145 2180 1172 2198 ‘⁶
1193 2172 1310 2235 Ego
1346 2188 1460 2220 sum
1496 2172 1583 2235 qui
1615 2172 1775 2220 sum.”
1844 2173 1992 2220 Tunc

400 2241 505 2290 dixi
531 2250 559 2268 ‘⁶
579 2242 686 2288 Vos
711 2238 831 2288 estis
863 2239 1101 2287 dominus
1130 2255 1274 2287 meus
1307 2239 1412 2287 Ma.
1440 2255 1523 2287 no,
1552 2239 1769 2287 Iacobus
1793 2239 1857 2287 de
1889 2239 1993 2287 alta

397 2308 583 2372 platea,
612 2306 892 2370 Inquisitor
916 2306 1018 2354 her.
1046 2306 1178 2370 pra.’'
1248 2306 1539 2370 Respondit
1565 2314 1592 2333 “
1613 2306 1740 2353 Sum
1768 2305 1992 2369 utique.”

399 2376 474 2423 Et
511 2374 628 2423 dedi
670 2374 715 2422 ei
753 2389 965 2420 manum
1006 2373 1207 2421 dicens:
1247 2373 1340 2420 “O
1378 2373 1516 2429 deus,
1554 2373 1814 2437 quomodo
1851 2373 1992 2421 venit

398 2442 538 2517 quod
573 2440 807 2490 inceditis
843 2456 932 2505 per
965 2440 1154 2505 pedes.
1141 2442 1159 2474 2
1228 2439 1327 2487 Est
1364 2440 1660 2488 scandalum
1697 2441 1835 2503 quod
1874 2440 1990 2488 talis

400 2509 476 2557 vir
513 2509 666 2558 debet
705 2507 919 2573 pedibus
961 2506 1063 2555 suis
1105 2506 1366 2555 ambulare
1412 2523 1502 2572 per
1547 2507 1777 2555 merdam
1816 2513 1868 2555 et
1903 2524 1993 2582 pei

346 2593 364 2622 5
399 2576 615 2624 lutumf'
702 2574 991 2639 Respondit
1038 2574 1172 2638 ipse:
1233 2573 1332 2621 “hi
1379 2573 1432 2621 in
1480 2573 1707 2622 cuiribus
1754 2580 1807 2622 et
1845 2573 1896 2620 hi
1939 2573 1990 2621 in

400 2642 571 2706 equis:
620 2658 711 2691 nos
747 2647 921 2689 autem
957 2657 1009 2688 m
1044 2640 1252 2689 nomine
1287 2641 1481 2689 domini
1517 2641 1764 2688 venimus.
1771 2642 1794 2658 ”
1862 2640 1992 2688 Dixi

399 2710 474 2760 ei:
534 2709 685 2757 “Sed
731 2724 868 2756 nunc
916 2714 994 2756 est
1032 2724 1221 2772 magna
1266 2707 1440 2773 pluvia
1481 2714 1534 2756 et
1566 2707 1770 2771 frigus.'’
1841 2707 1991 2756 'lunc

399 2776 590 2825 levavit
614 2792 796 2824 manus
831 2791 944 2823 suas
980 2774 1044 2822 ad
1080 2774 1276 2822 caelum
1315 2774 1520 2823 dicens:
1570 2782 1597 2800 ‘⁶
1618 2775 1813 2822 Rorate
1850 2774 1990 2829 caeli,

400 2844 629 2908 desuper,
646 2850 699 2892 et
722 2843 883 2891 nubes
902 2841 1082 2906 pluant
1107 2842 1349 2889 iustum.'’
1418 2841 1491 2889 Et
1515 2842 1736 2906 cogitavi
1755 2858 1959 2890 mecum
1981 2860 1989 2889 :

326 2927 364 2957 30
401 2919 428 2938 ‘⁶
452 2911 498 2958 O
542 2910 682 2966 deus,
707 2926 811 2958 non
851 2915 928 2957 est
964 2924 1151 2973 magna
1185 2908 1384 2956 miseria
1417 2909 1556 2972 quod
1591 2908 1706 2957 talis
1741 2908 1993 2973 Magister

400 2984 572 3026 noster
595 2976 748 3025 debet
772 2976 956 3024 habere
979 2975 1170 3023 malam
1198 2975 1459 3023 fortunam
1481 2992 1491 3023 :
1528 2981 1647 3023 ante
1672 2976 1799 3023 duos
1831 2991 1989 3024 annos

445 3111 472 3131 ¹⁹
489 3114 719 3157 Neumberya.
756 3111 917 3157 Perhaps
928 3109 1161 3155 Nuremberg
1277 3108 1304 3128 ’⁵
1321 3112 1357 3144 ln·
1373 3112 1411 3145 in
1429 3122 1523 3145 eurr.
1540 3123 1553 3146 .·
1578 3110 1673 3145 Psal.
1692 3111 1763 3145 xix.
1784 3110 1814 3144 8.

397 3159 427 3193 is
444 3164 579 3195 meant.
1276 3155 1303 3176 ²⁸
1320 3159 1472 3193 Rorate:
1496 3159 1541 3193 Is.
1561 3157 1632 3193 xlv.
1651 3157 1681 3193 8.

1157 3217 1253 3259 244
